2016 3682
133 327 175 381 12
324 307 733 403 ContrrtttNrrorrs.

124 460 192 523 Inde
225 463 260 520 nd
288 461 407 519 Atticam
444 463 619 537 accederunt,
655 485 688 523 ac
713 463 774 524 suar
796 465 936 543 topiaria

123 559 250 615 campum
274 539 438 597 Marathona
462 543 645 600 deduxerunt.
687 543 711 599 ls
731 542 803 601 abeli
824 547 862 600 ab
887 565 938 622 np-

122 617 191 694 pido
228 615 337 673 circiter
369 615 456 675 millia
495 616 616 692 palluutn
652 621 758 678 decent.
800 619 865 677 Hoc
891 642 945 680 tu··

124 694 214 752 multu
237 690 416 769 Athenienses
443 711 497 750 tarn
517 694 681 771 propinquo,
702 715 813 772 tamque
836 716 938 777 magno

121 769 262 848 permoti„
277 768 410 826 auxilium
431 769 574 845 nusquam,
597 772 644 829 nist
670 780 686 830 d
710 772 935 847 Lacedaemoniis,

122 848 298 924 petiverunt;
334 843 586 923 Phillippidemque
609 848 747 906 cursorem
774 854 832 927 ejus
851 874 936 930 gene·

120 925 168 995 rit,
188 924 236 1000 qui
263 921 444 980 hemerodromr‘
469 943 608 993 vocantur,
638 926 862 985 Lacedaernonent
882 930 934 986 rni-

117 1002 219 1072 lerunt,
241 1000 434 1071 utnunciaret,
455 1007 538 1075 quint
552 1003 636 1059 celeri
650 1022 718 1077 opus
738 1003 802 1060 ellet
815 1005 931 1066 auxilio.
951 1034 955 1041 ·

117 1078 201 1137 Domi
226 1095 316 1136 nutent
339 1075 422 1133 creati
450 1080 547 1135 decern
580 1078 719 1147 Praetores,
741 1080 789 1154 qui
808 1084 932 1140 exercitu

117 1156 276 1231 praeetlent‘:
299 1153 324 1211 in
339 1153 378 1210 eis
404 1152 554 1212 Miltiades.
597 1156 672 1213 lnter
687 1176 754 1230 quor
769 1176 866 1234 magna
880 1161 933 1218 fuir

115 1233 263 1303 contentio,
284 1238 373 1290 utrum
399 1230 529 1289 ntaenibur
555 1228 583 1289 se
609 1233 798 1302 defenderent,
819 1255 854 1290 an
880 1240 930 1294 ob·

113 1309 186 1369 viarn
213 1311 283 1368 irent
308 1306 437 1378 hostibus,
470 1307 585 1382 acieque
618 1312 805 1368 decernerent.
845 1310 928 1372 Unus
969 1326 976 1331 '

114 1387 256 1446 Miltiades
290 1384 408 1445 maxim&
449 1383 595 1455 nitebatur,
630 1405 660 1443 ut
690 1387 780 1460 primo
799 1407 930 1467 quoque
989 1408 994 1416 ·

112 1483 235 1542 tempore
253 1462 337 1520 castra
356 1461 466 1522 fierent:
488 1462 519 1518 ld
535 1461 669 1519 stfadlutn
682 1463 755 1532 ellet,
775 1468 801 1519 u
815 1464 924 1524 civibus

111 1543 232 1599 animum
257 1538 433 1607 accellurum,
455 1546 515 1596 cum
542 1539 668 1596 viderent
690 1543 727 1597 de
753 1561 848 1597 eornm
869 1541 927 1600 vir-

110 1635 169 1678 tute
190 1638 242 1676 non
262 1613 401 1691 desperari
418 1645 427 1684 ;
449 1620 474 1672 dr
493 1616 581 1673 hoster
594 1618 692 1674 <tidem
706 1636 736 1673 re
751 1619 809 1674 sore
823 1619 927 1676 tardio-

110 1714 162 1766 res,
183 1695 201 1752 st
213 1694 438 1761 animadvertent,
460 1692 503 1769 (d)
516 1693 611 1763 auderi
625 1695 754 1751 advertus
768 1692 794 1751 se
806 1713 860 1752 tarn
877 1717 926 1754 ex·

110 1771 183 1851 iguis
206 1772 292 1848 copiis
317 1769 460 1827 dimicare.
581 1764 606 1783 ''

147 1852 222 1908 Crtr.
244 1849 280 1906 V.
321 1847 384 1903 Hoc
410 1847 437 1905 in
464 1866 587 1923 tempore
614 1847 689 1906 nulla
714 1846 808 1904 civitas
830 1849 918 1909 Athe·

114 1927 246 1985 nienstbus
272 1924 375 1984 auxilio
400 1924 453 1983 fuit
478 1944 577 1999 praeter
597 1922 778 1983 Plataeenses:
798 1944 828 1981 ea
847 1928 925 1986 mille

107 2003 176 2062 rnilit
200 2002 328 2060 militurn.
369 2004 464 2075 ltaque
479 2007 575 2059 horum
595 2006 724 2070 adventu,
745 2004 841 2059 decern
857 2003 923 2059 rnil-

105 2080 143 2139 lia
163 2098 328 2138 nrntarorurn
343 2079 478 2152 completa
497 2077 555 2135 lunt
567 2108 576 2148 ;
597 2099 658 2153 quae
678 2091 776 2135 'manus
796 2077 917 2137 mirabili

106 2157 238 2233 flagrabat
260 2155 400 2231 pugnandi
426 2155 596 2229 cupiditate;
618 2174 673 2229 quo
697 2155 799 2211 faciunt
820 2157 868 2226 ell,
890 2178 922 2216 ut

105 2235 177 2312 plus,
199 2241 282 2308 quint
297 2232 419 2308 cullegae,
440 2232 583 2295 Miltiades
597 2229 723 2288 valuerit.
765 2231 829 2307 Ejus
843 2231 918 2291 enirn

103 2312 267 2370 nulloritare
301 2308 407 2385 impulsi
443 2306 631 2375 Athenienses,
664 2307 756 2381 copias
781 2327 815 2364 ex
850 2313 919 2368 urbe

104 2393 268 2457 eduxerunt,
290 2387 405 2460 locoque
425 2383 525 2442 idoneo
546 2385 630 2458 eallra
644 2383 795 2453 fecerunt,
816 2387 920 2446 deinde

103 2467 211 2541 postero
232 2467 288 2532 die,
309 2463 359 2521 sub
387 2461 484 2519 montis
510 2462 658 2537 radicibus,
684 2460 744 2517 nole
768 2467 785 2517 ἐ
807 2463 919 2538 regione

104 2543 243 2604 instructa,
265 2547 335 2599 not-t
361 2560 429 2608 arte,
450 2539 475 2596 vi
499 2536 606 2597 sumna
630 2537 754 2611 pralium
775 2539 919 2601 cornttrise·

104 2640 176 2677 nunt.
220 2620 256 2691 (t)
270 2618 396 2692 Namque
411 2615 520 2673 arbores
540 2613 631 2672 multis
647 2615 712 2670 locis
730 2634 807 2672 erant
821 2617 918 2685 llrntae,

104 2698 157 2755 hoc
180 2693 298 2766 constlio,
321 2714 349 2753 ut
375 2698 399 2750 nc
425 2694 556 2750 montium
578 2709 737 2767 tegerentur
760 2691 918 2765 altitudine,

141 2852 185 2926 (d)
197 2850 305 2908 Paffive.
328 2847 367 2907 uti
383 2848 457 2921 npud
471 2840 573 2911 Vellei,
596 2863 622 2914 2,
647 2845 692 2921 56,
713 2848 738 2901 dr
758 2843 792 2903 fic
806 2844 916 2901 Livium

101 2927 197 2987 dixtlle
215 2947 288 2989 notat
303 2926 375 2983 anl.
398 2937 427 2996 †.
448 2928 483 2979 rie
498 2921 605 2997 Analng
639 2940 647 2977 ι
656 2920 683 2995 3Ζ

139 3008 176 3078 (e)
215 3007 281 3065 Tite
316 3005 397 3063 Latin
423 3016 479 3063 text
503 2998 527 3059 is
553 3000 619 3056 ltere
650 3016 716 3073 very
743 2997 824 3054 much
853 3014 913 3049 cor-

102 3084 213 3160 ruptt'd·

79 3178 83 3185 ·
798 3154 822 3206 dn
837 3152 917 3206 ntlru·
