2016 3682
94 288 166 373 ago
308 263 500 347 Conuenit
528 274 726 350 Neronis.

100 424 203 498 ¹Car.
223 432 303 493 vlll.
342 435 380 492 At
402 430 556 504 Hannibal,
579 454 649 492 anno
671 436 757 496 tertio
776 426 911 517 posiguath

87 518 173 575 domo
211 514 384 602 profugerat,
419 510 453 572 L.
479 511 621 585 Cornelio,
656 514 768 587 Quinto
793 517 914 577 Minutiu

88 593 160 655 Coss.
174 612 239 653 cum
258 610 381 669 qumque
402 588 519 648 navibus
531 591 662 649 Africam
677 594 795 668 accessit,
815 595 841 654 in
853 594 911 654 hni-

77 672 136 733 „bos
158 674 366 749 Cyrenorum,
393 666 412 725 si
434 668 507 725 sorte
529 669 780 748 Carthaginienses
800 677 836 737 ad
856 674 913 734 bel-

87 750 158 823 lom,
179 746 309 815 Antiochi
329 745 378 824 spe
395 745 564 823 indutisque,
584 746 725 810 inducere
747 751 845 829 posset3
867 752 911 812 etti

83 832 144 908 jam
165 824 345 905 persuaserat,
367 846 398 885 ut
418 845 481 883 cum
501 824 671 886 exercitibus
691 828 720 886 in
733 829 836 897 ltaliam
847 850 908 908 prn-

87 905 263 967 ficiscetetut.
305 903 372 962 Huc
412 904 561 979 Magonem
586 904 703 964 srattcm
731 907 843 968 excivit.
879 908 912 967 ld

86 984 136 1044 ubi
156 983 233 1043 Poeni
252 980 432 1054 resciverunt,
458 982 619 1058 Magonem,
645 986 757 1053 eadem,
784 989 842 1062 qus
864 987 878 1044 s
903 1018 915 1032 ·

88 1080 160 1123 trem
173 1060 323 1130 absentem,
345 1078 425 1136 poena
440 1058 600 1119 affecerunt.
635 1060 692 1132 llli,
706 1061 865 1140 desperatis
875 1084 913 1123 te·
947 1087 951 1093 ’

87 1141 140 1199 bus
159 1149 222 1199 cnm
243 1138 378 1197 solvissent
398 1158 490 1207 natet,
526 1158 559 1195 oc
579 1139 641 1197 vela
662 1139 752 1199 uentis
774 1143 917 1214 dedissent,

64 1218 232 1278 'Hannibal
267 1218 303 1274 ad
341 1214 510 1275 Antiochum
536 1217 671 1293 pervenit.
713 1218 761 1279 De
788 1221 916 1299 Magonis

91 1296 205 1357 interitu
227 1295 335 1372 duplex
358 1293 490 1353 memoria
512 1293 623 1371 prodito
646 1295 704 1357 est:
733 1318 856 1375 namque
870 1299 916 1357 alii

86 1373 306 1451 (h)⁴nattstagio,
333 1371 381 1430 alii
405 1379 423 1430 d
443 1371 527 1430 servit
547 1371 627 1449 ipsius
646 1373 825 1434 intersectum
847 1398 920 1449 eum,

89 1454 221 1530 seriptum
246 1452 426 1527 reliquerunt.
469 1449 625 1509 Antiochus
645 1468 748 1523 autent,
772 1453 793 1510 st
816 1457 920 1513 tamin

89 1527 919 1684 sss?‘tllll„llisthl⁰¹⁰s?‘tl?”lll'slulfflhl

94 1628 305 1762 's'beiht‘npylin
327 1686 364 1743 de
385 1626 620 1760 summapinipcrii
642 1680 813 1747 dimicasset}
834 1632 917 1747 queni

93 1762 139 1820 etst
159 1762 246 1821 multa
261 1762 343 1821 stulte
356 1761 447 1822 conari
463 1762 587 1831 videbat,
602 1784 693 1823 tantan
706 1763 782 1828 nulla
793 1708 916 1826 desieruit

92 1840 171 1900 in're.
215 1840 327 1898 Ptaesuit
348 1839 443 1916 paucis
465 1840 588 1909 navibus,
611 1862 679 1915 quas
699 1841 818 1916 ensyria
828 1841 911 1919 jussus

93 1938 153 1979 erat
175 1918 201 1977 in
223 1917 313 1976 ulfiam
334 1921 447 1986 ducere,
474 1916 572 1992 hisque
592 1919 724 1979 adversm
740 1918 912 1976 Rhodiorum

92 1997 202 2056 classem
241 1995 268 2052 in
297 1994 461 2073 Pamphylio
496 1994 563 2053 mari
595 1997 741 2070 conilixit;
771 2017 827 2075 quo
853 2005 917 2055 cum

91 2072 271 2136 multitudine
298 2070 519 2130 adversariorum
543 2072 583 2131 sui
608 2072 817 2153 superarentur,
851 2072 921 2152 ipse,

93 2172 150 2230 quo
163 2173 247 2211 cornu
263 2171 321 2210 rem
336 2150 421 2227 gessit,
442 2150 494 2210 suit
506 2148 641 2226 superior.
770 2156 775 2167 ‘
953 2156 955 2160 ’

132 2232 208 2290 Cnt.
223 2229 270 2287 lX.
299 2229 436 2287 Antiocho
457 2230 563 2306 sugato,
587 2250 682 2288 verens
704 2252 738 2289 ne
758 2233 924 2301 dederetur,

92 2311 167 2384 qnod
194 2308 247 2366 hoe
268 2307 355 2363 dubio
376 2305 524 2376 accidisset,
546 2306 618 2366 sisui
634 2308 736 2367 fecisset
749 2309 924 2385 potestatem,

92 2386 206 2445 Cretam
231 2389 266 2444 ad
290 2384 441 2461 Gortynios
467 2384 551 2454 venit,
584 2403 613 2442 ut
636 2387 696 2457 ubi,
727 2388 786 2463 qud
808 2385 836 2447 se
862 2407 926 2446 con·
951 2407 956 2415 ’

92 2466 179 2523 ferret
206 2464 398 2522 consideraret.
440 2461 522 2520 Vidit
543 2480 634 2522 autem
656 2462 699 2522 vir
722 2464 849 2524 omnium
870 2465 926 2522 cal·

413 2550 422 2586 i

136 2627 179 2702 (n)
192 2623 290 2680 There
306 2618 394 2678 seems
407 2634 434 2676 to
455 2619 489 2676 be
504 2616 578 2679 some
593 2620 683 2681 Word
698 2625 823 2704 wanting
838 2626 865 2684 in
880 2626 926 2686 the

93 2703 170 2762 'sext
197 2701 268 2757 asttr
291 2698 443 2775 naufragia,
467 2696 533 2755 such
558 2720 587 2756 as
611 2701 704 2779 persste
726 2723 757 2761 or
784 2703 925 2783 intersffeg

95 2785 138 2840 sor
161 2779 305 2855 naufragio
328 2778 479 2852 interfusus
502 2775 530 2847 is,
554 2781 564 2835 l
587 2772 649 2838 take'
672 2783 702 2851 lt,
728 2784 781 2857 just
805 2804 834 2840 as
855 2787 927 2862 good

96 2860 176 2918 latin
189 2880 227 2927 as,
248 2856 331 2913 killed
348 2851 379 2926 by
390 2876 407 2908 a
417 2851 581 2928 Shipwreck,
605 2858 626 2914 is
639 2862 711 2935 good
728 2861 853 2939 English.

132 2941 168 3013 (o)
189 2938 268 2994 Petet
292 2931 433 2991 Mottier’s
454 2931 565 2990 Edition
588 2937 658 2993 stom
684 2937 776 2997 Bossus
792 2941 864 3001 bar'
878 2938 928 3001 ‘st'-

91 3010 175 3074 berz'm
210 3016 263 3072 and
297 3009 500 3083 shermopylas3
533 3018 586 3071 and
616 3013 638 3071 it
661 3015 682 3073 is
709 3020 821 3087 owned‚
854 3008 928 3087 that,

92 3096 216 3170 atttongsl
248 3092 388 3168 approved
406 3091 546 3159 Anthou,
571 3097 678 3168 propitii
700 3095 720 3153 is
743 3096 829 3154 sound
853 3095 925 3153 with

93 3171 142 3229 the
161 3171 329 3228 occulant«
351 3168 452 3225 rathen
465 3168 531 3225 than
553 3174 600 3228 the
616 3171 739 3246 Datim,
760 3192 807 3252 yet
827 3175 923 3233 State·

93 3267 143 3311 ren
158 3249 210 3309 and
225 3249 306 3305 other
319 3245 407 3305 retain
420 3245 467 3307 the
481 3243 582 3308 Datite
595 3250 671 3311 bere.
899 3307 910 3323 ,

767 3325 924 3400 lidissunut,
