2016 3682
299 254 640 365 ,auctorante
745 206 748 215 ¹
858 269 904 341 ta

465 367 475 403 t

86 418 166 476 claim
191 413 219 475 se
245 422 263 474 a
290 413 447 473 custodibus
471 410 611 483 subduxit,
645 413 670 467 u
697 409 769 471 inde,
786 406 930 487 primun

66 495 212 562 ,Elidenn
243 490 344 550 deinde
369 489 488 548 Thebas
515 489 597 548 veuit.
637 486 780 562 Pollquant
814 503 906 543 autent

92 569 127 629 se
143 569 243 646 lcapitis
266 571 436 632 dannatum,
458 566 533 624 bonis
559 564 714 642 publicarit.
747 561 861 628 audivit,
881 564 908 616 dt

95 647 127 704 id
139 651 210 724 quod
220 645 274 704 usu
289 664 408 714 venerat,
430 642 607 720 Eumolpidas
624 642 779 700 sacerdotes
792 646 809 698 d
823 658 909 714 popu·

94 725 126 782 lo
139 728 250 792 condior,
272 741 301 782 ut
314 722 342 781 se
356 726 532 790 devoverent,
554 720 666 796 ejusque
686 717 840 777 devotionis
854 719 911 790 quo

94 801 215 860 testatior
228 801 291 859 esset
307 799 447 867 memoria,
458 799 619 873 exemplum
635 799 661 854 in
674 795 729 874 μὴ
745 796 855 872 lapidea
870 793 909 850 in·

90 878 191 950 cisum,
212 879 265 938 elle
286 876 400 953 politunt
425 875 452 931 in
478 874 597 950 publico,
618 875 840 932 Lacedaeutonent
861 873 910 929 de·

93 956 235 1033 migravit.
276 953 316 1011 lbi
341 953 384 1027 (ut
403 950 460 1030 ipse
486 952 635 1028 praedicare
649 949 836 1022 consueverat)
857 969 911 1006 non

93 1032 229 1093 adversus
251 1030 374 1109 patriam,
396 1029 442 1088 sed
465 1027 589 1086 inimicos
613 1026 673 1087 suos
696 1029 800 1087 belluni
825 1026 909 1106 geffit,

95 1113 174 1188 quod
201 1106 286 1169 iidem
311 1106 398 1166 hostes
423 1106 506 1165 essent
534 1105 648 1165 civitati.
689 1104 760 1163 Nant
784 1113 845 1165 cun
871 1105 913 1163 in-

97 1184 256 1264 telligerent
280 1185 308 1244 se
330 1184 478 1260 plurimum
503 1183 628 1259 prodesse
650 1182 720 1258 posse
743 1183 913 1260 reipublitae,

97 1278 136 1324 εἰ
150 1284 187 1324 ea
202 1263 314 1340 ejecisse,
336 1259 451 1338 plusque
472 1261 518 1317 irae
531 1259 596 1331 suae,
616 1267 698 1336 qudtn
714 1259 823 1319 utilitati
838 1281 913 1318 cont·

98 1339 175 1400 m'uni
206 1339 327 1418 puniisse.
372 1339 466 1415 ltaque
493 1338 699 1415 huJuseonstlio
712 1335 914 1398 Lacedaemonii

99 1417 329 1477 cunt¹Persarum
363 1435 429 1494 tege
464 1416 612 1474 amicitiam
633 1415 777 1477 fecerunt:
810 1415 915 1476 deinde

100 1495 242 1555 Deceliam
270 1495 297 1552 in
321 1495 412 1553 Attica
435 1494 599 1563 munierunt,
620 1484 915 1572 prilidioque'perpu'

78 1592 84 1605 ⁴·
102 1591 160 1635 tuo.
178 1573 216 1632 ibi
249 1571 342 1649 polito,
375 1572 402 1630 in
427 1569 564 1629 obsidione
598 1572 720 1628 Athenas
759 1587 915 1632 tenuerunt.

103 1648 233 1739 Ejusdem
254 1652 338 1727 operti
352 1650 453 1707 Ioniam
468 1655 484 1708 a
508 1646 635 1706 societate
659 1668 816 1708 averterunt
829 1650 917 1707 Athe·

104 1728 251 1789 utentium:
283 1747 338 1804 quo
368 1729 442 1805 sac‘lo
478 1725 565 1785 utultd
585 1723 739 1802 superiores
766 1727 840 1786 bello
865 1725 918 1786 osso

105 1825 258 1880 coepemlllss
441 1869 443 1872 ,

130 1883 217 1942 'Con
242 1881 276 1940 V.
317 1882 416 1958 Neque
433 1886 500 1941 vend
524 1880 565 1938 hia
586 1880 667 1940 rebus
679 1900 732 1939 tarn
747 1881 827 1941 amici
843 1881 918 1939 Alci·

104 1960 179 2018 biadi
195 1957 255 2018 sunt
279 1961 352 2031 sasli,
372 1967 455 2037 qudtn
470 1960 567 2016 timore
587 1960 623 2016 ob
637 1979 670 2016 co
684 1959 803 2020 alienati.
846 1957 918 2018 Natu

55 2093 61 2099 ,
107 2046 169 2095 cum
195 2037 322 2100 acerrimi
347 2038 397 2096 viri
427 2036 594 2112 prastanretn
622 2037 794 2113 prudentiam
818 2036 919 2094 inum·

90 2115 297 2175 ‘niburtebus
319 2112 518 2192 cognoscerent,
551 2113 744 2190 pertimueunt,
774 2134 819 2185 ne,
849 2114 920 2172 cari·

110 2207 166 2250 tate
179 2189 272 2267 patriae
290 2192 395 2260 dusius,
416 2192 564 2268 aliquando
578 2193 613 2248 ab
631 2191 690 2267 ipsis
704 2191 875 2260 descisceret,
896 2195 922 2250 dt

87 2276 90 2279 ’
108 2289 171 2326 curn
187 2267 238 2341 suis
254 2269 278 2325 in
294 2269 407 2346 gratiiut
423 2269 535 2326 rediret.
578 2267 672 2343 ltaque
688 2288 794 2346 tenipus
808 2272 865 2346 ejus
880 2265 920 2324 inss

108 2345 259 2404 terficiendi
283 2366 407 2421 quaerere
425 2347 606 2404 instituerunt.
646 2349 678 2403 ld
702 2347 839 2403 Alcibiadi
861 2343 924 2403 diu·
953 2411 957 2418 .

110 2423 262 2482 tiuscelati
285 2444 335 2480 non
361 2424 471 2498 potuitt
493 2443 550 2482 erat
572 2422 644 2481 enirn
660 2425 694 2481 cal
717 2422 872 2500 sagacitate,
893 2440 924 2480 ut

111 2499 201 2577 decipi
218 2521 270 2558 non
283 2501 378 2576 posset,
400 2499 547 2578 praesertim
572 2498 632 2558 tntu
653 2502 772 2559 anitnutn
795 2496 925 2556 attendis-

89 2580 92 2587 '
110 2576 151 2634 set
164 2583 197 2637 ad
221 2581 382 2636 cavettdunr.
423 2580 518 2654 Itaque
539 2579 573 2635 ad
589 2577 796 2650 Tissaphernem
812 2578 925 2653 praefec-

112 2673 169 2713 tum
186 2654 257 2734 regis
273 2656 351 2713 Darii
373 2654 400 2713 se
420 2656 544 2721 contulit,
566 2659 641 2732 cujus
663 2662 724 2712 tutu
751 2654 777 2712 in
802 2654 926 2712 intintatn

112 2734 260 2801 atnicitiaun
283 2733 454 2810 pervenisset,
475 2738 499 2790 δι
528 2731 741 2800 Atheniensium,
763 2731 928 2809 ntalegcliis

114 2809 142 2866 itt
159 2810 251 2867 Sicilia
272 2813 361 2882 rebus,
383 2831 446 2886 opes
471 2810 617 2877 senescere,
639 2816 732 2867 control
755 2811 929 2866 Lacedaemo·

115 2887 231 2946 niotiunt
246 2886 368 2946 crescere
395 2890 518 2947 videret:
538 2887 618 2944 initio
638 2909 699 2945 cunt
717 2884 844 2941 Pisandro
859 2905 928 2962 prae·

76 2988 83 3004 Ι
114 2983 182 3041 tore,
201 2966 252 3041 ''qui
272 2969 345 3038 apud
373 2966 480 3023 Samum
501 2965 649 3022 exercitum
672 2965 798 3030 habebat,
819 2980 868 3036 per
889 2963 929 3019 iu·

115 3045 266 3098 ternuntios
281 3043 457 3118 colloquitur,
479 3048 503 3100 te
525 3047 560 3098 de
580 3042 670 3098 reditu
686 3036 733 3095 suo
747 3038 810 3096 fucit
832 3040 930 3096 uitaui-

116 3136 196 3174 oneut
211 3149 221 3188 ;
243 3120 383 3178 eratenim
399 3125 516 3189 eodeni,
528 3138 582 3193 quo
596 3115 762 3185 Alcibiades,
772 3113 859 3188 sensu,
881 3137 930 3192 po·

119 3193 179 3272 puli
194 3197 319 3274 porenti'ae
334 3217 387 3256 non
401 3197 513 3268 anticus,
534 3196 734 3273 &optirnarum
747 3193 844 3255 fautor'.
880 3195 931 3325 kAb

86 3285 91 3290 .
531 3290 537 3315 l
669 3287 676 3298 ‘
892 3288 933 3324 roc
