2016 3682
85 261 153 352 138
281 260 475 329 Conuenit
503 258 697 330 Nerorts.¹
712 298 717 304 ·

86 421 183 491 sallus,
204 414 302 476 serere
314 414 424 494 praefuit
442 413 467 472 ei
492 413 638 491 potestati:
659 432 723 472 nam
746 430 774 474 et
796 414 824 475 in
839 438 904 478 cont·

87 497 182 573 plutei
203 494 311 553 nobiles
332 493 539 559 animadvertit,
558 496 584 549 ἃ
603 491 704 551 mulier
718 512 764 552 res
783 515 863 555 novet
884 498 907 556 in

86 574 212 632 edictum
237 572 359 643 addidit,
380 572 436 647 qud
458 591 490 628 te
514 569 622 628 luxurie
643 570 823 646 reprimetur,
850 595 906 652 quae

29 648 47 674 “·
84 656 143 730 jain
170 669 231 709 tuni
253 650 404 726 incipiebat
429 647 577 724 pullulare.
618 646 744 708 Circiter
765 670 848 711 annus
866 674 908 710 oe·

88 730 206 807 toginta,
227 727 314 805 usque
326 731 361 785 ud
382 742 533 784 extremum
542 741 676 817 fratem,
700 728 740 786 ab
758 729 907 790 adolescen-

86 807 137 877 tia,
158 807 318 885 reipublice
341 805 423 863 censs
437 801 575 880 suscipere
588 800 753 863 inimicitiae
767 827 817 866 nou
829 808 906 867 delii·

88 886 132 944 tir.
174 887 200 942 A
223 883 318 945 multis
345 900 472 950 tentatur,
501 901 556 941 non
582 882 667 940 modu
693 884 805 943 nullum
830 885 904 944 detti·

88 980 213 1021 mentum
237 957 443 1022 existimationis
460 958 537 1030 secit,
568 957 616 1017 sed
642 964 737 1036 quoad
762 962 840 1036 vixit,
859 963 908 1025 tir·

87 1058 177 1099 rutum
191 1040 273 1101 laude
287 1038 384 1098 erevit.

131 1121 207 1179 Cre.
233 1119 280 1178 lll.
302 1119 332 1175 ln
354 1113 481 1173 omnibus
503 1114 598 1173 Rebus
619 1113 753 1194 singulari
776 1118 831 1178 suit
852 1139 910 1199 pru·

91 1197 226 1256 clentis&
249 1193 400 1255 industris:
422 1212 484 1250 nani
511 1196 536 1250 δι
559 1213 573 1249 u
595 1192 681 1251 ricula
705 1193 794 1256 solers
816 1202 842 1255 δι
861 1198 911 1258 rei·

92 1275 212 1350 publiea
240 1275 345 1352 peritus
371 1289 399 1331 et
421 1214 640 1348 jurisconsultus,
672 1277 697 1330 81
723 1294 842 1352 mugnus
865 1275 912 1333 ini·

92 1369 204 1425 rcrator
218 1359 243 1411 δι
266 1350 417 1429 probabilis
437 1351 585 1421 oraton&
609 1349 801 1426 cupidissimus
822 1352 913 1413 litetu-

88 1449 151 1487 rutn
167 1432 240 1503 suit;
261 1450 378 1507 quarum
393 1426 515 1487 studium
527 1424 573 1486 etsi
585 1423 676 1486 senior
687 1431 857 1507 arripuerat,
872 1449 912 1490 ta·

91 1527 153 1564 men
169 1527 273 1567 tantum
298 1509 338 1583 [in
355 1507 405 1584 eis]
426 1504 592 1583 progressum
611 1505 688 1578 lecit,
709 1525 741 1567 ut
762 1526 816 1566 non
831 1509 913 1568 facile

89 1587 207 1660 repetiti
232 1586 316 1664 possis,
337 1605 427 1662 neque
452 1585 489 1642 de
502 1581 620 1654 Graecir,
642 1604 731 1661 neque
757 1588 795 1644 de
809 1587 910 1645 ltulicis

88 1662 181 1732 rebus,
201 1668 275 1740 quod
291 1663 316 1720 ei
337 1664 428 1721 suerat
449 1659 629 1738 incognitum.
666 1664 711 1720 Ab
724 1662 913 1724 adolescentie

89 1739 208 1799 confecit
219 1741 379 1813 orationer;
401 1737 484 1798 senex
504 1736 630 1796 historiar
642 1735 761 1800 scribere
784 1739 910 1814 instituit,

89 1837 207 1894 quatum
234 1820 295 1878 sunt
322 1820 385 1877 libri
420 1817 547 1892 septeni:
579 1816 683 1893 primus
718 1817 838 1877 eontinet
858 1839 903 1877 ree

89 1897 179 1973 gellus
200 1918 296 1975 regum
322 1896 417 1974 populi
445 1893 583 1956 Rotnani:
605 1893 735 1955 secundun
751 1897 782 1952 dr
807 1894 907 1954 tertius

92 1981 165 2034 unde
181 1994 298 2054 queque
320 1974 416 2032 civitat
440 1990 500 2030 orta
513 1970 543 2030 fit
566 1972 683 2046 ltalic23
704 1975 738 2032 ob
751 1992 833 2050 quarn
845 1992 906 2032 tetri

91 2076 186 2113 omnes
212 2057 338 2132 Origines
362 2051 474 2109 viderur
496 2049 664 2126 appelllllc:
688 2055 715 2110 in
740 2067 839 2129 quarto
862 2072 909 2110 uu·

90 2153 155 2203 tent,
178 2132 283 2190 bellum
303 2131 437 2188 Punicum
462 2126 607 2205 primunr:
639 2127 798 2208 inquinto,
819 2128 913 2188 secuu-
942 2147 947 2152 ·

55 2244 57 2249 ·
90 2216 177 2269 duni:
208 2228 291 2284 arque
324 2210 382 2266 haec
416 2205 508 2265 omnia
533 2205 706 2280 capitulatim
739 2205 803 2267 sunt
829 2206 913 2267 dicia.

89 2287 211 2367 Reliqua
236 2287 308 2346 bella
329 2286 389 2364 pari
411 2288 494 2346 modo
520 2281 678 2360 persecutus
700 2285 738 2347 eli
763 2282 854 2361 usque
879 2288 913 2345 ud

49 2496 52 2503 .
90 2445 124 2504 os
147 2464 224 2504 more
249 2441 378 2514 uulnere,
400 2437 499 2519 gained
525 2438 554 2497 so
580 2460 658 2519 great
671 2439 834 2519 Authority,
857 2443 915 2502 that

89 2545 159 2586 eren
184 2526 231 2581 the
245 2523 392 2599 Emperots
413 2513 579 2577 themselves
602 2516 742 2578 exercised
765 2518 841 2578 their
861 2519 913 2578 Ol·

90 2604 148 2661 lice.
190 2601 275 2679 They
291 2621 364 2660 were
379 2618 406 2658 to
421 2599 526 2655 corre&
540 2598 724 2668 ludeceneies‚
746 2600 801 2656 and
815 2596 915 2674 punish

89 2681 121 2738 ill
138 2680 277 2746 Mamers,
297 2676 363 2737 such
378 2697 406 2736 as
420 2677 467 2743 the
478 2674 545 2732 Law
561 2674 627 2732 r'ook
641 2695 674 2733 no
688 2675 915 2753 Cognizanceoss

89 2762 126 2838 by
142 2756 297 2834 degtuding
310 2757 357 2814 tlte
369 2757 494 2814 Senators
508 2755 561 2810 and
576 2751 707 2831 Knights‚
728 2755 784 2812 und
796 2755 916 2825 disfren-

90 2834 193 2914 clristng
219 2835 267 2892 the
288 2831 491 2910 Conrnronalty.
532 2832 696 2964 Thepvhad
723 2834 771 2890 the
794 2851 859 2892 care
888 2832 921 2891 os

65 2963 69 2973 ,
91 2914 187 2993 public
213 2910 366 2989 Buildingr.
387 2909 501 2986 Bridges
525 2909 578 2966 und
640 2929 699 2987 aps,
722 2908 834 2988 making
860 2913 914 2967 und

89 2988 252 3070 aurtigating
267 2989 371 3048 certain
385 2988 475 3056 Laws,
496 2984 553 3045 &a
576 2991 630 3043 und
652 2987 727 3047 tlreit
739 2987 844 3045 Stetion
859 3008 917 3046 wer

89 3069 229 3128 tetkoned
254 3075 330 3125 more
356 3065 526 3127 honoutable
562 3064 628 3122 than
653 3065 701 3124 tbe
733 3063 941 3142 Consullltip„

39 3173 44 3188 ·
90 3149 198 3222 though
212 3145 286 3205 their
299 3143 448 3222 Authority
463 3141 489 3201 in
513 3143 631 3203 Martcrs
651 3144 683 3202 os
701 3142 776 3203 State
795 3160 853 3204 rrae
868 3160 915 3202 not

89 3224 120 3282 su
133 3220 328 3285 considerable.
838 3297 861 3357 P

863 3319 916 3357 τε·
