<?xml version="1.0" encoding="UTF-8"?>
<!DOCTYPE html PUBLIC "-//W3C//DTD XHTML 1.0 Transitional//EN"
    "http://www.w3.org/TR/xhtml1/DTD/xhtml1-transitional.dtd">
<html xmlns="http://www.w3.org/1999/xhtml" xml:lang="en" lang="en">
 <head>
  <title>
</title>
<meta http-equiv="Content-Type" content="text/html;charset=utf-8" />
  <meta name='ocr-system' content='tesseract 3.04.00' />
  <meta name='ocr-capabilities' content='ocr_page ocr_carea ocr_par ocr_line ocrx_word'/>
</head>
<body>
  <div class='ocr_page' id='page_1' title='image "./corneliinepotis06nepogoog_0040.png"; bbox 0 0 2016 3682; ppageno 0'>
   <div class='ocr_carea' id='block_1_1' title="bbox 351 308 918 400">
    <p class='ocr_par' dir='ltr' id='par_1_1' title="bbox 351 308 918 400">
     <span class='ocr_line' id='line_1_1' title="bbox 351 308 918 400; baseline -0.005 -16"><span class='ocrx_word' id='word_1_1' title='bbox 351 308 612 385; x_wconf 72' lang='lat' dir='ltr'>autumnus.</span> <span class='ocrx_word' id='word_1_2' title='bbox 845 328 918 400; x_wconf 59' lang='grc' dir='ltr'>,ις</span> 
     </span>
    </p>
   </div>
   <div class='ocr_carea' id='block_1_2' title="bbox 77 466 920 1083">
    <p class='ocr_par' dir='ltr' id='par_1_2' title="bbox 77 466 920 1083">
     <span class='ocr_line' id='line_1_2' title="bbox 96 466 919 549; baseline -0.004 -21"><span class='ocrx_word' id='word_1_3' title='bbox 96 468 236 549; x_wconf 81' lang='lat' dir='ltr'>eydident</span> <span class='ocrx_word' id='word_1_4' title='bbox 257 469 399 528; x_wconf 74' lang='lat' dir='ltr'>ausiorent</span> <span class='ocrx_word' id='word_1_5' title='bbox 421 468 578 544; x_wconf 79' lang='lat' dir='ltr'>probamus,</span> <span class='ocrx_word' id='word_1_6' title='bbox 599 467 647 544; x_wconf 87' lang='lat' dir='ltr'>qni</span> <span class='ocrx_word' id='word_1_7' title='bbox 672 466 750 524; x_wconf 79' lang='lat' dir='ltr'>iiinnr</span> <span class='ocrx_word' id='word_1_8' title='bbox 775 466 812 524; x_wconf 79' lang='lat' dir='ltr'>ait</span> <span class='ocrx_word' id='word_1_9' title='bbox 836 469 919 545; x_wconf 74' lang='lat' dir='ltr'>Mag-</span> 
     </span>
     <span class='ocr_line' id='line_1_3' title="bbox 101 545 918 624; baseline -0.005 -18"><span class='ocrx_word' id='word_1_10' title='bbox 101 547 184 606; x_wconf 81' lang='lat' dir='ltr'>nestae</span> <span class='ocrx_word' id='word_1_11' title='bbox 198 546 293 604; x_wconf 83' lang='lat' dir='ltr'>morbo</span> <span class='ocrx_word' id='word_1_12' title='bbox 315 564 468 607; x_wconf 81' lang='lat' dir='ltr'>mortuum:</span> <span class='ocrx_word' id='word_1_13' title='bbox 498 565 585 618; x_wconf 85' lang='lat' dir='ltr'>neque</span> <span class='ocrx_word' id='word_1_14' title='bbox 608 562 688 624; x_wconf 80' lang='lat' dir='ltr'>negat</span> <span class='ocrx_word' id='word_1_15' title='bbox 709 545 786 603; x_wconf 79' lang='lat' dir='ltr'>suiffe</span> <span class='ocrx_word' id='word_1_16' title='bbox 808 546 918 614; x_wconf 82' lang='lat' dir='ltr'>samam,</span> 
     </span>
     <span class='ocr_line' id='line_1_4' title="bbox 104 619 920 700; baseline -0.004 -18"><span class='ocrx_word' id='word_1_17' title='bbox 104 644 241 682; x_wconf 80' lang='lat' dir='ltr'>venenum</span> <span class='ocrx_word' id='word_1_18' title='bbox 263 620 312 680; x_wconf 72' lang='lat' dir='ltr'>sud</span> <span class='ocrx_word' id='word_1_19' title='bbox 335 620 428 699; x_wconf 84' lang='lat' dir='ltr'>sponte</span> <span class='ocrx_word' id='word_1_20' title='bbox 451 620 593 696; x_wconf 83' lang='lat' dir='ltr'>sunrpfisse,</span> <span class='ocrx_word' id='word_1_21' title='bbox 613 642 700 698; x_wconf 89' lang='lat' dir='ltr'>quum</span> <span class='ocrx_word' id='word_1_22' title='bbox 721 619 759 691; x_wconf 85' lang='lat' dir='ltr'>se,</span> <span class='ocrx_word' id='word_1_23' title='bbox 779 641 840 697; x_wconf 82' lang='lat' dir='ltr'>quae</span> <span class='ocrx_word' id='word_1_24' title='bbox 862 623 920 700; x_wconf 84' lang='lat' dir='ltr'>regi</span> 
     </span>
     <span class='ocr_line' id='line_1_5' title="bbox 77 698 920 775; baseline -0.002 -16"><span class='ocrx_word' id='word_1_25' title='bbox 77 702 147 759; x_wconf 75' lang='lat' dir='ltr'>ade</span> <span class='ocrx_word' id='word_1_26' title='bbox 169 699 278 758; x_wconf 76' lang='lat' dir='ltr'>Gracia</span> <span class='ocrx_word' id='word_1_27' title='bbox 307 699 487 775; x_wconf 85' lang='lat' dir='ltr'>opprimenda</span> <span class='ocrx_word' id='word_1_28' title='bbox 516 698 655 772; x_wconf 74' lang='lat' dir='ltr'>pollicitus</span> <span class='ocrx_word' id='word_1_29' title='bbox 689 698 760 767; x_wconf 84' lang='lat' dir='ltr'>esser,</span> <span class='ocrx_word' id='word_1_30' title='bbox 795 699 920 773; x_wconf 86' lang='lat' dir='ltr'>praestare</span> 
     </span>
     <span class='ocr_line' id='line_1_6' title="bbox 103 773 919 861; baseline -0.005 -27"><span class='ocrx_word' id='word_1_31' title='bbox 103 777 179 853; x_wconf 83' lang='lat' dir='ltr'>posse</span> <span class='ocrx_word' id='word_1_32' title='bbox 203 774 370 861; x_wconf 76' lang='lat' dir='ltr'>desperaret.</span> <span class='ocrx_word' id='word_1_33' title='bbox 423 775 499 834; x_wconf 81' lang='lat' dir='ltr'>idem</span> <span class='ocrx_word' id='word_1_34' title='bbox 521 774 573 831; x_wconf 74' lang='lat' dir='ltr'>ossa</span> <span class='ocrx_word' id='word_1_35' title='bbox 595 780 654 853; x_wconf 81' lang='lat' dir='ltr'>ejus</span> <span class='ocrx_word' id='word_1_36' title='bbox 677 777 747 832; x_wconf 84' lang='lat' dir='ltr'>elam</span> <span class='ocrx_word' id='word_1_37' title='bbox 774 775 804 831; x_wconf 86' lang='lat' dir='ltr'>in</span> <span class='ocrx_word' id='word_1_38' title='bbox 828 773 919 833; x_wconf 76' lang='lat' dir='ltr'>Attice</span> 
     </span>
     <span class='ocr_line' id='line_1_7' title="bbox 101 849 919 929; baseline -0.005 -18"><span class='ocrx_word' id='word_1_39' title='bbox 101 853 142 911; x_wconf 85' lang='lat' dir='ltr'>ab</span> <span class='ocrx_word' id='word_1_40' title='bbox 162 852 256 910; x_wconf 80' lang='lat' dir='ltr'>amicit</span> <span class='ocrx_word' id='word_1_41' title='bbox 281 852 334 909; x_wconf 84' lang='lat' dir='ltr'>esse</span> <span class='ocrx_word' id='word_1_42' title='bbox 359 849 476 926; x_wconf 85' lang='lat' dir='ltr'>sepuita‚</span> <span class='ocrx_word' id='word_1_43' title='bbox 497 850 624 926; x_wconf 83' lang='lat' dir='ltr'>quoniam</span> <span class='ocrx_word' id='word_1_44' title='bbox 650 852 755 929; x_wconf 79' lang='lat' dir='ltr'>legibue</span> <span class='ocrx_word' id='word_1_45' title='bbox 779 872 830 908; x_wconf 91' lang='lat' dir='ltr'>non</span> <span class='ocrx_word' id='word_1_46' title='bbox 856 871 919 908; x_wconf 87' lang='lat' dir='ltr'>con-</span> 
     </span>
     <span class='ocr_line' id='line_1_8' title="bbox 103 927 920 1005; baseline -0.002 -19"><span class='ocrx_word' id='word_1_47' title='bbox 103 931 265 996; x_wconf 82' lang='lat' dir='ltr'>cederetur,</span> <span class='ocrx_word' id='word_1_48' title='bbox 285 930 361 1004; x_wconf 74' lang='lat' dir='ltr'>qudd</span> <span class='ocrx_word' id='word_1_49' title='bbox 381 927 544 1005; x_wconf 72' lang='lat' dir='ltr'>proditionis</span> <span class='ocrx_word' id='word_1_50' title='bbox 564 929 626 988; x_wconf 81' lang='lat' dir='ltr'>esser</span> <span class='ocrx_word' id='word_1_51' title='bbox 645 933 796 1001; x_wconf 78' lang='lat' dir='ltr'>damnatus,</span> <span class='ocrx_word' id='word_1_52' title='bbox 817 948 920 987; x_wconf 84' lang='lat' dir='ltr'>memn-</span> 
     </span>
     <span class='ocr_line' id='line_1_9' title="bbox 103 1004 313 1083; baseline 0 -18"><span class='ocrx_word' id='word_1_53' title='bbox 103 1004 159 1065; x_wconf 85' lang='lat' dir='ltr'>rioe</span> <span class='ocrx_word' id='word_1_54' title='bbox 179 1004 313 1083; x_wconf 86' lang='lat' dir='ltr'>prodidit.</span> 
     </span>
    </p>
   </div>
   <div class='ocr_carea' id='block_1_3' title="bbox 109 1286 921 1516">
    <p class='ocr_par' dir='ltr' id='par_1_3' title="bbox 109 1286 921 1516">
     <span class='ocr_line' id='line_1_10' title="bbox 488 1286 551 1355; baseline 0 0"><span class='ocrx_word' id='word_1_55' title='bbox 488 1286 503 1355; x_wconf 94' lang='lat' dir='ltr'>I</span> <span class='ocrx_word' id='word_1_56' title='bbox 544 1338 551 1355; x_wconf 91' lang='lat'><strong>.</strong></span> 
     </span>
     <span class='ocr_line' id='line_1_11' title="bbox 109 1287 921 1516; baseline -0.01 -36"><span class='ocrx_word' id='word_1_57' title='bbox 109 1384 341 1516; x_wconf 75' lang='lat' dir='ltr'>Antsiruts,</span> <span class='ocrx_word' id='word_1_58' title='bbox 381 1287 585 1497; x_wconf 71' lang='lat' dir='ltr'>Lyfimdihi</span> <span class='ocrx_word' id='word_1_59' title='bbox 629 1401 743 1487; x_wconf 77' lang='lat' dir='ltr'>Filius,</span> <span class='ocrx_word' id='word_1_60' title='bbox 788 1399 921 1472; x_wconf 70' lang='lat' dir='ltr'>Atheni·</span> 
     </span>
    </p>
   </div>
   <div class='ocr_carea' id='block_1_4' title="bbox 371 1499 561 1600">
    <p class='ocr_par' dir='ltr' id='par_1_4' title="bbox 371 1499 561 1600">
     <span class='ocr_line' id='line_1_12' title="bbox 371 1499 561 1600; baseline 0.005 -31"><span class='ocrx_word' id='word_1_61' title='bbox 371 1539 377 1549; x_wconf 49' lang='grc' dir='ltr'><em>ι</em></span> <span class='ocrx_word' id='word_1_62' title='bbox 453 1499 561 1600; x_wconf 48' lang='grc' dir='ltr'><em>ἐκβε.</em></span> 
     </span>
    </p>
   </div>
   <div class='ocr_carea' id='block_1_5' title="bbox 80 1747 931 2756">
    <p class='ocr_par' dir='ltr' id='par_1_5' title="bbox 185 1747 928 1840">
     <span class='ocr_line' id='line_1_13' title="bbox 185 1747 928 1840; baseline 0 -22"><span class='ocrx_word' id='word_1_63' title='bbox 185 1754 354 1818; x_wconf 83' lang='lat' dir='ltr'>RiSTiDES</span> <span class='ocrx_word' id='word_1_64' title='bbox 384 1752 536 1830; x_wconf 85' lang='lat' dir='ltr'>Lyfimaelti</span> <span class='ocrx_word' id='word_1_65' title='bbox 557 1747 652 1818; x_wconf 63' lang='lat' dir='ltr'>&#39;filine</span> <span class='ocrx_word' id='word_1_66' title='bbox 688 1755 855 1817; x_wconf 79' lang='lat' dir='ltr'>Atheniensis</span> <span class='ocrx_word' id='word_1_67' title='bbox 881 1764 928 1840; x_wconf 71' lang='lat' dir='ltr'>(a)</span> 
     </span>
    </p>

    <p class='ocr_par' dir='ltr' id='par_1_6' title="bbox 152 1829 928 1910">
     <span class='ocr_line' id='line_1_14' title="bbox 152 1829 928 1910; baseline 0.001 -19"><span class='ocrx_word' id='word_1_68' title='bbox 152 1883 156 1891; x_wconf 96' lang='lat'><em>.</em></span> <span class='ocrx_word' id='word_1_69' title='bbox 212 1835 324 1910; x_wconf 82' lang='lat' dir='ltr'>aequalis</span> <span class='ocrx_word' id='word_1_70' title='bbox 344 1834 403 1890; x_wconf 68' lang='lat' dir='ltr'>sete</span> <span class='ocrx_word' id='word_1_71' title='bbox 415 1830 467 1888; x_wconf 75' lang='lat' dir='ltr'>fuit</span> <span class='ocrx_word' id='word_1_72' title='bbox 479 1829 671 1889; x_wconf 79' lang='lat' dir='ltr'>Themistocli.</span> <span class='ocrx_word' id='word_1_73' title='bbox 713 1833 805 1908; x_wconf 83' lang='lat' dir='ltr'>itaque</span> <span class='ocrx_word' id='word_1_74' title='bbox 819 1857 880 1895; x_wconf 90' lang='lat' dir='ltr'>cum</span> <span class='ocrx_word' id='word_1_75' title='bbox 895 1861 928 1897; x_wconf 83' lang='lat' dir='ltr'>en</span> 
     </span>
    </p>

    <p class='ocr_par' dir='ltr' id='par_1_7' title="bbox 80 1906 931 2756">
     <span class='ocr_line' id='line_1_15' title="bbox 112 1906 927 1990; baseline 0.004 -20"><span class='ocrx_word' id='word_1_76' title='bbox 112 1917 149 1972; x_wconf 79' lang='lat' dir='ltr'>de</span> <span class='ocrx_word' id='word_1_77' title='bbox 164 1912 318 1990; x_wconf 87' lang='lat' dir='ltr'>principatu</span> <span class='ocrx_word' id='word_1_78' title='bbox 339 1906 497 1989; x_wconf 67' lang='lat' dir='ltr'>contendit:</span> <span class='ocrx_word' id='word_1_79' title='bbox 520 1927 636 1982; x_wconf 87' lang='lat' dir='ltr'>namque</span> <span class='ocrx_word' id='word_1_80' title='bbox 651 1910 835 1970; x_wconf 69' lang='lat' dir='ltr'>obtreeidrnnt</span> <span class='ocrx_word' id='word_1_81' title='bbox 856 1916 927 1973; x_wconf 86' lang='lat' dir='ltr'>inter</span> 
     </span>
     <span class='ocr_line' id='line_1_16' title="bbox 110 1983 928 2060; baseline -0.002 -14"><span class='ocrx_word' id='word_1_82' title='bbox 110 1986 151 2047; x_wconf 92' lang='lat' dir='ltr'>se.</span> <span class='ocrx_word' id='word_1_83' title='bbox 193 1990 221 2046; x_wconf 87' lang='lat' dir='ltr'>ln</span> <span class='ocrx_word' id='word_1_84' title='bbox 246 1988 289 2045; x_wconf 86' lang='lat' dir='ltr'>his</span> <span class='ocrx_word' id='word_1_85' title='bbox 315 2006 407 2044; x_wconf 78' lang='lat' dir='ltr'>autern</span> <span class='ocrx_word' id='word_1_86' title='bbox 431 1983 569 2059; x_wconf 82' lang='lat' dir='ltr'>cognitum</span> <span class='ocrx_word' id='word_1_87' title='bbox 594 1985 642 2052; x_wconf 81' lang='lat' dir='ltr'>est,</span> <span class='ocrx_word' id='word_1_88' title='bbox 663 2006 763 2060; x_wconf 83' lang='lat' dir='ltr'>quanto</span> <span class='ocrx_word' id='word_1_89' title='bbox 788 1989 928 2050; x_wconf 72' lang='lat' dir='ltr'>antistaret</span> 
     </span>
     <span class='ocr_line' id='line_1_17' title="bbox 111 2060 928 2141; baseline -0.009 -20"><span class='ocrx_word' id='word_1_90' title='bbox 111 2063 272 2141; x_wconf 78' lang='lat' dir='ltr'>eloquentia</span> <span class='ocrx_word' id='word_1_91' title='bbox 302 2060 470 2121; x_wconf 78' lang='lat' dir='ltr'>innocentiae.</span> <span class='ocrx_word' id='word_1_92' title='bbox 511 2062 675 2137; x_wconf 74' lang='lat' dir='ltr'>Quanquam</span> <span class='ocrx_word' id='word_1_93' title='bbox 695 2065 766 2121; x_wconf 87' lang='lat' dir='ltr'>enim</span> <span class='ocrx_word' id='word_1_94' title='bbox 789 2071 861 2125; x_wconf 71' lang='lat' dir='ltr'>aden</span> <span class='ocrx_word' id='word_1_95' title='bbox 880 2090 928 2126; x_wconf 84' lang='lat' dir='ltr'>ex.</span> 
     </span>
     <span class='ocr_line' id='line_1_18' title="bbox 81 2138 928 2217; baseline 0.004 -18"><span class='ocrx_word' id='word_1_96' title='bbox 81 2160 86 2167; x_wconf 91' lang='grc'>’</span> <span class='ocrx_word' id='word_1_97' title='bbox 111 2141 232 2199; x_wconf 82' lang='lat' dir='ltr'>eeilebat</span> <span class='ocrx_word' id='word_1_98' title='bbox 259 2138 393 2197; x_wconf 81' lang='lat' dir='ltr'>Aristides</span> <span class='ocrx_word' id='word_1_99' title='bbox 416 2138 587 2203; x_wconf 77' lang='lat' dir='ltr'>abstinentia.</span> <span class='ocrx_word' id='word_1_100' title='bbox 613 2157 643 2209; x_wconf 76' lang='lat' dir='ltr'>ut</span> <span class='ocrx_word' id='word_1_101' title='bbox 669 2161 737 2217; x_wconf 88' lang='lat' dir='ltr'>unus</span> <span class='ocrx_word' id='word_1_102' title='bbox 756 2143 814 2216; x_wconf 89' lang='lat' dir='ltr'>post</span> <span class='ocrx_word' id='word_1_103' title='bbox 840 2147 928 2203; x_wconf 85' lang='lat' dir='ltr'>homi·</span> 
     </span>
     <span class='ocr_line' id='line_1_19' title="bbox 111 2212 925 2295; baseline 0.005 -19"><span class='ocrx_word' id='word_1_104' title='bbox 111 2239 178 2283; x_wconf 85' lang='lat' dir='ltr'>nunt</span> <span class='ocrx_word' id='word_1_105' title='bbox 206 2212 371 2279; x_wconf 71' lang='lat' dir='ltr'>memoriam.</span> <span class='ocrx_word' id='word_1_106' title='bbox 412 2218 488 2290; x_wconf 79' lang='lat' dir='ltr'>qudi</span> <span class='ocrx_word' id='word_1_107' title='bbox 515 2216 628 2288; x_wconf 85' lang='lat' dir='ltr'>quidem</span> <span class='ocrx_word' id='word_1_108' title='bbox 658 2236 705 2273; x_wconf 84' lang='lat' dir='ltr'>nos</span> <span class='ocrx_word' id='word_1_109' title='bbox 730 2219 925 2295; x_wconf 76' lang='lat' dir='ltr'>audiverimus,</span> 
     </span>
     <span class='ocr_line' id='line_1_20' title="bbox 110 2290 925 2425; baseline 0.004 -72"><span class='ocrx_word' id='word_1_110' title='bbox 110 2314 147 2353; x_wconf 85' lang='lat' dir='ltr'>co</span> <span class='ocrx_word' id='word_1_111' title='bbox 167 2292 276 2352; x_wconf 88' lang='lat' dir='ltr'>nomine</span> <span class='ocrx_word' id='word_1_112' title='bbox 294 2290 437 2425; x_wconf 57' lang='lat' dir='ltr'>pUSTUS</span> <span class='ocrx_word' id='word_1_113' title='bbox 461 2291 490 2348; x_wconf 81' lang='lat' dir='ltr'>fit</span> <span class='ocrx_word' id='word_1_114' title='bbox 509 2292 671 2367; x_wconf 70' lang='lat' dir='ltr'>appellatus,</span> <span class='ocrx_word' id='word_1_115' title='bbox 689 2312 781 2353; x_wconf 83' lang='lat' dir='ltr'>tamen</span> <span class='ocrx_word' id='word_1_116' title='bbox 809 2303 826 2353; x_wconf 74' lang='lat' dir='ltr'>d</span> <span class='ocrx_word' id='word_1_117' title='bbox 845 2298 925 2359; x_wconf 83' lang='lat' dir='ltr'>The-</span> 
     </span>
     <span class='ocr_line' id='line_1_21' title="bbox 112 2317 925 2441; baseline 0.004 -13"><span class='ocrx_word' id='word_1_118' title='bbox 112 2317 233 2428; x_wconf 75' lang='lat' dir='ltr'>miiiocle</span> <span class='ocrx_word' id='word_1_119' title='bbox 261 2391 292 2427; x_wconf 91' lang='lat' dir='ltr'>co</span> <span class='ocrx_word' id='word_1_120' title='bbox 307 2369 453 2426; x_wconf 77' lang='lat' dir='ltr'>labefactus</span> <span class='ocrx_word' id='word_1_121' title='bbox 483 2367 522 2441; x_wconf 87' lang='lat' dir='ltr'>(b)</span> <span class='ocrx_word' id='word_1_122' title='bbox 551 2369 649 2426; x_wconf 66' lang='lat' dir='ltr'>testuifi</span> <span class='ocrx_word' id='word_1_123' title='bbox 679 2369 736 2437; x_wconf 72' lang='lat' dir='ltr'>illu,</span> <span class='ocrx_word' id='word_1_124' title='bbox 770 2373 854 2430; x_wconf 76' lang='lat' dir='ltr'>exilio</span> <span class='ocrx_word' id='word_1_125' title='bbox 875 2381 925 2433; x_wconf 85' lang='lat' dir='ltr'>de-</span> 
     </span>
     <span class='ocr_line' id='line_1_22' title="bbox 112 2443 929 2522; baseline 0.004 -17"><span class='ocrx_word' id='word_1_126' title='bbox 112 2468 172 2505; x_wconf 86' lang='lat' dir='ltr'>cern</span> <span class='ocrx_word' id='word_1_127' title='bbox 193 2467 326 2504; x_wconf 80' lang='lat' dir='ltr'>annornm</span> <span class='ocrx_word' id='word_1_128' title='bbox 350 2443 477 2503; x_wconf 76' lang='lat' dir='ltr'>inuitatus</span> <span class='ocrx_word' id='word_1_129' title='bbox 499 2447 547 2502; x_wconf 87' lang='lat' dir='ltr'>est.</span> <span class='ocrx_word' id='word_1_130' title='bbox 589 2447 647 2514; x_wconf 82' lang='lat' dir='ltr'>Qui</span> <span class='ocrx_word' id='word_1_131' title='bbox 672 2448 796 2522; x_wconf 84' lang='lat' dir='ltr'>quidem,</span> <span class='ocrx_word' id='word_1_132' title='bbox 812 2457 872 2506; x_wconf 76' lang='lat' dir='ltr'>‹inn</span> <span class='ocrx_word' id='word_1_133' title='bbox 889 2453 929 2508; x_wconf 87' lang='lat' dir='ltr'>in·</span> 
     </span>
     <span class='ocr_line' id='line_1_23' title="bbox 112 2520 930 2602; baseline 0.005 -21"><span class='ocrx_word' id='word_1_134' title='bbox 112 2522 252 2602; x_wconf 81' lang='lat' dir='ltr'>reiiigeret</span> <span class='ocrx_word' id='word_1_135' title='bbox 268 2521 379 2596; x_wconf 82' lang='lat' dir='ltr'>reprimi</span> <span class='ocrx_word' id='word_1_136' title='bbox 391 2520 552 2578; x_wconf 84' lang='lat' dir='ltr'>concitatam</span> <span class='ocrx_word' id='word_1_137' title='bbox 567 2522 771 2580; x_wconf 79' lang='lat' dir='ltr'>multitudinem</span> <span class='ocrx_word' id='word_1_138' title='bbox 784 2546 834 2581; x_wconf 90' lang='lat' dir='ltr'>non</span> <span class='ocrx_word' id='word_1_139' title='bbox 848 2529 930 2602; x_wconf 75' lang='lat' dir='ltr'>posse,</span> 
     </span>
     <span class='ocr_line' id='line_1_24' title="bbox 112 2597 929 2676; baseline 0.007 -19"><span class='ocrx_word' id='word_1_140' title='bbox 112 2600 270 2676; x_wconf 81' lang='lat' dir='ltr'>cedensque</span> <span class='ocrx_word' id='word_1_141' title='bbox 287 2597 519 2661; x_wconf 83' lang='lat' dir='ltr'>animadverteret</span> <span class='ocrx_word' id='word_1_142' title='bbox 539 2603 676 2674; x_wconf 86' lang='lat' dir='ltr'>quendam</span> <span class='ocrx_word' id='word_1_143' title='bbox 701 2597 873 2673; x_wconf 84' lang='lat' dir='ltr'>scribentem,</span> <span class='ocrx_word' id='word_1_144' title='bbox 899 2627 929 2666; x_wconf 86' lang='lat' dir='ltr'>ut</span> 
     </span>
     <span class='ocr_line' id='line_1_25' title="bbox 80 2674 931 2756; baseline 0.004 -21"><span class='ocrx_word' id='word_1_145' title='bbox 80 2738 86 2749; x_wconf 67' lang='grc'><strong>,</strong></span> <span class='ocrx_word' id='word_1_146' title='bbox 114 2677 204 2752; x_wconf 61' lang='lat' dir='ltr'>patrii</span> <span class='ocrx_word' id='word_1_147' title='bbox 219 2676 385 2754; x_wconf 79' lang='lat' dir='ltr'>polieretur:</span> <span class='ocrx_word' id='word_1_148' title='bbox 408 2675 538 2750; x_wconf 63' lang='lat' dir='ltr'>quaesisse·</span> <span class='ocrx_word' id='word_1_149' title='bbox 551 2678 586 2733; x_wconf 85' lang='lat' dir='ltr'>ab</span> <span class='ocrx_word' id='word_1_150' title='bbox 606 2697 640 2733; x_wconf 89' lang='lat' dir='ltr'>eo</span> <span class='ocrx_word' id='word_1_151' title='bbox 658 2674 769 2748; x_wconf 86' lang='lat' dir='ltr'>dicitur,</span> <span class='ocrx_word' id='word_1_152' title='bbox 791 2678 885 2756; x_wconf 75' lang='lat' dir='ltr'>Qnre</span> <span class='ocrx_word' id='word_1_153' title='bbox 901 2683 931 2744; x_wconf 72' lang='lat' dir='ltr'>ia</span> 
     </span>
    </p>
   </div>
   <div class='ocr_carea' id='block_1_6' title="bbox 95 2826 936 3272">
    <p class='ocr_par' dir='ltr' id='par_1_8' title="bbox 95 2826 931 3117">
     <span class='ocr_line' id='line_1_26' title="bbox 95 2826 931 2913; baseline 0.006 -28"><span class='ocrx_word' id='word_1_154' title='bbox 95 2893 101 2904; x_wconf 83' lang='lat'><em>,</em></span> <span class='ocrx_word' id='word_1_155' title='bbox 147 2831 190 2904; x_wconf 81' lang='lat' dir='ltr'>(a)</span> <span class='ocrx_word' id='word_1_156' title='bbox 213 2827 285 2897; x_wconf 70' lang='lat' dir='ltr'>This</span> <span class='ocrx_word' id='word_1_157' title='bbox 304 2826 435 2902; x_wconf 79' lang='lat' dir='ltr'>Equaiity</span> <span class='ocrx_word' id='word_1_158' title='bbox 445 2848 508 2903; x_wconf 86' lang='lat' dir='ltr'>may</span> <span class='ocrx_word' id='word_1_159' title='bbox 520 2830 554 2887; x_wconf 80' lang='lat' dir='ltr'>be</span> <span class='ocrx_word' id='word_1_160' title='bbox 569 2827 731 2886; x_wconf 78' lang='lat' dir='ltr'>understood</span> <span class='ocrx_word' id='word_1_161' title='bbox 748 2831 780 2887; x_wconf 90' lang='lat' dir='ltr'>of</span> <span class='ocrx_word' id='word_1_162' title='bbox 789 2831 854 2889; x_wconf 83' lang='lat' dir='ltr'>both</span> <span class='ocrx_word' id='word_1_163' title='bbox 869 2836 931 2913; x_wconf 78' lang='lat' dir='ltr'>Age</span> 
     </span>
     <span class='ocr_line' id='line_1_27' title="bbox 115 2905 930 2973; baseline 0.001 -9"><span class='ocrx_word' id='word_1_164' title='bbox 115 2911 169 2964; x_wconf 76' lang='lat' dir='ltr'>and</span> <span class='ocrx_word' id='word_1_165' title='bbox 194 2907 299 2973; x_wconf 86' lang='lat' dir='ltr'>Power,</span> <span class='ocrx_word' id='word_1_166' title='bbox 331 2905 378 2961; x_wconf 89' lang='lat' dir='ltr'>but</span> <span class='ocrx_word' id='word_1_167' title='bbox 403 2924 447 2962; x_wconf 86' lang='lat' dir='ltr'>not</span> <span class='ocrx_word' id='word_1_168' title='bbox 474 2906 622 2963; x_wconf 82' lang='lat' dir='ltr'>Mannert:</span> <span class='ocrx_word' id='word_1_169' title='bbox 643 2907 692 2963; x_wconf 83' lang='lat' dir='ltr'>sor</span> <span class='ocrx_word' id='word_1_170' title='bbox 715 2906 849 2963; x_wconf 81' lang='lat' dir='ltr'>Aristides</span> <span class='ocrx_word' id='word_1_171' title='bbox 875 2934 930 2970; x_wconf 72' lang='lat' dir='ltr'>wne</span> 
     </span>
     <span class='ocr_line' id='line_1_28' title="bbox 114 2978 931 3057; baseline 0.001 -16"><span class='ocrx_word' id='word_1_172' title='bbox 114 2984 149 3041; x_wconf 84' lang='lat' dir='ltr'>of</span> <span class='ocrx_word' id='word_1_173' title='bbox 156 3005 172 3041; x_wconf 86' lang='lat' dir='ltr'>a</span> <span class='ocrx_word' id='word_1_174' title='bbox 186 2984 256 3040; x_wconf 81' lang='lat' dir='ltr'>caim</span> <span class='ocrx_word' id='word_1_175' title='bbox 269 2983 325 3039; x_wconf 79' lang='lat' dir='ltr'>and</span> <span class='ocrx_word' id='word_1_176' title='bbox 349 2978 409 3056; x_wconf 82' lang='lat' dir='ltr'>easy</span> <span class='ocrx_word' id='word_1_177' title='bbox 431 2981 567 3057; x_wconf 84' lang='lat' dir='ltr'>Temper,</span> <span class='ocrx_word' id='word_1_178' title='bbox 589 2983 636 3039; x_wconf 91' lang='lat' dir='ltr'>but</span> <span class='ocrx_word' id='word_1_179' title='bbox 658 2981 860 3041; x_wconf 82' lang='lat' dir='ltr'>Themistocles</span> <span class='ocrx_word' id='word_1_180' title='bbox 884 2990 931 3047; x_wconf 79' lang='lat' dir='ltr'>hot</span> 
     </span>
     <span class='ocr_line' id='line_1_29' title="bbox 118 3057 353 3117; baseline -0.017 0"><span class='ocrx_word' id='word_1_181' title='bbox 118 3064 170 3117; x_wconf 82' lang='lat' dir='ltr'>and</span> <span class='ocrx_word' id='word_1_182' title='bbox 185 3057 353 3117; x_wconf 63' lang='lat' dir='ltr'>ambitione*</span> 
     </span>
    </p>

    <p class='ocr_par' dir='ltr' id='par_1_9' title="bbox 118 3125 936 3272">
     <span class='ocr_line' id='line_1_30' title="bbox 157 3125 936 3214; baseline 0.018 -24"><span class='ocrx_word' id='word_1_183' title='bbox 157 3134 203 3209; x_wconf 58' lang='lat' dir='ltr'>[bi]</span> <span class='ocrx_word' id='word_1_184' title='bbox 224 3136 274 3204; x_wconf 80' lang='lat' dir='ltr'>See</span> <span class='ocrx_word' id='word_1_185' title='bbox 294 3136 342 3193; x_wconf 86' lang='lat' dir='ltr'>the</span> <span class='ocrx_word' id='word_1_186' title='bbox 357 3134 409 3193; x_wconf 82' lang='lat' dir='ltr'>first</span> <span class='ocrx_word' id='word_1_187' title='bbox 426 3133 498 3192; x_wconf 86' lang='lat' dir='ltr'>Note</span> <span class='ocrx_word' id='word_1_188' title='bbox 511 3125 645 3210; x_wconf 81' lang='lat' dir='ltr'>upon&#39;the</span> <span class='ocrx_word' id='word_1_189' title='bbox 655 3135 755 3213; x_wconf 77' lang='lat' dir='ltr'>eighth</span> <span class='ocrx_word' id='word_1_190' title='bbox 768 3135 891 3214; x_wconf 85' lang='lat' dir='ltr'>Chapter</span> <span class='ocrx_word' id='word_1_191' title='bbox 903 3144 936 3204; x_wconf 81' lang='lat' dir='ltr'>ns</span> 
     </span>
     <span class='ocr_line' id='line_1_31' title="bbox 118 3209 427 3272; baseline -0.006 0"><span class='ocrx_word' id='word_1_192' title='bbox 118 3209 343 3272; x_wconf 78' lang='lat' dir='ltr'>Tirenristocies&#39;s</span> <span class='ocrx_word' id='word_1_193' title='bbox 356 3211 405 3270; x_wconf 83' lang='lat' dir='ltr'>Lis</span> <span class='ocrx_word' id='word_1_194' title='bbox 419 3255 427 3270; x_wconf 92' lang='lat'>.</span> 
     </span>
    </p>
   </div>
   <div class='ocr_carea' id='block_1_7' title="bbox 508 3250 986 3363">
    <p class='ocr_par' dir='ltr' id='par_1_10' title="bbox 508 3250 986 3363">
     <span class='ocr_line' id='line_1_32' title="bbox 508 3250 986 3363; baseline 0.006 -9"><span class='ocrx_word' id='word_1_195' title='bbox 508 3285 537 3344; x_wconf 69' lang='grc' dir='ltr'>ἶ)</span> <span class='ocrx_word' id='word_1_196' title='bbox 734 3354 737 3359; x_wconf 83' lang='grc'><em>,</em></span> <span class='ocrx_word' id='word_1_197' title='bbox 756 3340 760 3353; x_wconf 86' lang='grc'><strong>.</strong></span> <span class='ocrx_word' id='word_1_198' title='bbox 806 3293 932 3363; x_wconf 74' lang='lat' dir='ltr'>sacereti</span> <span class='ocrx_word' id='word_1_199' title='bbox 981 3250 986 3265; x_wconf 92' lang='lat'><strong>·</strong></span> 
     </span>
    </p>
   </div>
   <div class='ocr_carea' id='block_1_8' title="bbox 0 0 1022 3682">
    <p class='ocr_par' dir='ltr' id='par_1_11' title="bbox 0 0 1022 3682">
     <span class='ocr_line' id='line_1_33' title="bbox 0 0 1022 3682; baseline 0 0"><span class='ocrx_word' id='word_1_200' title='bbox 0 0 1022 3682; x_wconf 95' lang='lat' dir='ltr'> </span> 
     </span>
    </p>
   </div>
  </div>
 </body>
</html>
