2016 3682
157 117 223 205 84·
354 112 548 185 Cosnstri
580 82 777 209 Niconis.

150 288 275 331 ornatui.
318 267 652 328 Habuitobtredlatorem
672 267 867 332 Meneclidem
892 294 974 353 queo·

150 354 227 421 datii,
249 346 373 407 indidem
386 346 508 417 Thebis,
528 350 553 404 ἃ
579 344 769 407 adversarium
800 347 830 406 iii
853 353 972 415 admini-

150 426 261 487 slranda
274 423 429 504 republica,
448 421 512 483 satis
527 423 706 484 exercitatum
730 425 757 483 iri
784 426 920 502 dicendo,
941 452 968 494 ot

147 503 328 572 Thebanum,
348 501 465 561 scilicet:
486 498 616 576 Namque
630 500 679 561 illc
705 502 782 581 genti
811 504 877 582 plur
905 507 968 572 inest

149 583 263 653 virium,
283 587 368 657 qoam
379 577 493 668 ingenii.
515 579 549 649 ls,
563 580 639 654 qudd
655 578 681 637 in
696 598 726 639 re
740 579 859 657 militari
871 584 968 650 florere

148 660 367 740 Epaminondam
393 659 516 726 videbat,
550 656 655 715 lioitari
681 655 786 717 solebat
808 659 967 739 Thebanos,

146 757 178 799 ut
206 758 302 815 pacem
327 735 401 794 bello
426 735 604 803 anteferrent,
631 756 666 794 ue
694 733 769 794 illius
797 736 968 817 imperatorie

146 836 232 907 opera
246 814 458 875 desideraretur.
499 811 577 869 Huic
592 812 649 883 ille,
662 810 757 886 Fallit,
773 813 875 904 inquit,
888 822 967 882 verbo

145 915 221 956 cives
243 913 313 962 tuoe,
333 894 409 968 qodd
430 890 480 948 hos
499 896 518 947 d
538 888 613 948 bello
631 909 745 952 avocas:
767 892 819 951 otii
835 895 908 955 enim
923 919 966 958 no·

145 973 220 1032 mine
241 970 400 1032 seruitutem
424 966 574 1038 eoncilias;
595 988 657 1025 nam
681 970 789 1045 paritur
810 992 866 1050 pax
885 975 964 1039 bello.

144 1051 241 1128 ltaque
265 1048 313 1127 qui
336 1051 370 1108 ed
389 1046 499 1106 diutind
523 1045 616 1105 volunt
637 1046 703 1117 frui,
725 1046 802 1106 bello
825 1053 965 1115 exercitati

142 1129 196 1190 else
210 1129 324 1190 debent.
366 1127 473 1199 Quare,
493 1120 661 1205 liptincipes
673 1123 793 1193 Graeeiae
807 1128 860 1189 esse
873 1130 963 1205 tultis,

143 1207 238 1266 caslris
257 1205 296 1265 cst
318 1205 394 1263 iobii
414 1206 558 1273 utendum,
579 1222 631 1261 non
647 1202 779 1277 paraenet.
824 1204 900 1267 ldem
916 1208 964 1271 ille

141 1284 315 1345 Meneclides
338 1291 401 1342 cem
427 1281 493 1340 huic
519 1278 660 1358 objiceret,
683 1284 761 1358 qudd
786 1281 887 1345 liberos
910 1308 962 1346 non

141 1363 269 1433 liaberet,
291 1381 382 1435 neque
403 1358 517 1419 uiioieni
538 1357 674 1430 duxisset3
696 1358 870 1440 maximeque
891 1362 963 1424 inso-

140 1439 265 1510 lentiam,
288 1442 365 1516 qudd
391 1437 437 1497 sibi
462 1435 677 1516 Agamemnonis
698 1435 765 1499 belli
784 1438 903 1519 gloriain
924 1444 963 1504 eff.

139 1520 256 1576 deretur
271 1515 473 1593 consequutus:
495 1534 522 1572 at
541 1514 599 1586 ille,
611 1513 730 1595 “Delinq
751 1516 778 1574 in
801 1518 855 1592 uit,
866 1520 962 1581 Mene.

139 1594 224 1666 elide,
240 1600 277 1655 de
291 1614 376 1654 uxore
391 1591 458 1651 milii
473 1592 662 1669 exprobrare:
677 1613 738 1651 nam
752 1538 858 1657 millius
872 1597 901 1658 in
916 1598 962 1660 illa

138 1690 169 1732 re
186 1672 274 1732 minus
299 1674 337 1747 (e)
358 1672 398 1732 titi
420 1671 532 1733 consilio
553 1669 623 1728 iolo.
653 1670 728 1748 ((s)
743 1670 873 1732 Habebat
887 1677 961 1736 enim

140 1750 315 1812 Meneclides
328 1748 509 1827 suspicionem
523 1747 676 1826 adulterii).
711 1750 793 1826 Qudl
808 1771 901 1811 antem
914 1776 959 1815 me

135 1831 374 1906 Agamemnonem
402 1825 524 1885 aemulari
554 1845 644 1902 putas,
680 1827 804 1900 falleris;
839 1851 960 1909 namque

137 1906 195 1975 ille,
217 1927 280 1964 cum
302 1902 563 1978 universaGraecia,
588 1905 634 1962 iiix
657 1907 754 1963 decem
776 1906 854 1966 annis
868 1930 958 1969 unam

135 1984 210 2062 cepit
224 1988 278 2062 (g)
294 1983 410 2042 urbem:
432 1981 502 2058 Ego,
521 1997 627 2053 contra,
649 2003 682 2041 ex
697 2004 750 2041 una
764 1986 834 2044 urbe
850 1988 956 2059 nostra,

136 2061 239 2139 dieque
265 2082 320 2121 uno
344 2079 428 2118 totam
457 2058 606 2129 Graeciam,
642 2059 861 2124 Lacedaemoniis
881 2068 955 2145 suge·

77 2157 81 2166 '
133 2139 175 2210 tit,
200 2138 324 2199 liberavi.

172 2222 248 2278 Cir.
264 2217 311 2275 Vl.
335 2216 412 2275 ldem
435 2235 498 2274 cuin
519 2214 547 2272 in
572 2233 748 2287 conventum,
770 2217 885 2279 venisset
905 2221 955 2279 At·

134 2300 245 2366 cadum,
270 2313 375 2372 petent,
398 2314 430 2354 ut
453 2293 608 2352 societatem
623 2313 687 2351 etim
701 2294 849 2358 Thebanis
867 2303 893 2357 di
907 2301 955 2357 Ar·

152 2375 203 2432 ivis
235 2377 377 2443 lacerent;
407 2379 567 2448 contisque,
601 2369 775 2431 Calliliratus
801 2376 953 2450 Atlicnicii·

131 2395 199 2509 sum
230 2452 344 2529 legatus,
375 2449 423 2526 qui
451 2447 607 2525 eloquentia
632 2469 726 2507 omnes
749 2471 783 2509 eo
812 2456 957 2530 praestabas

134 2547 267 2608 tempore,
282 2529 441 2606 pullularet,
462 2548 492 2588 ut
507 2527 596 2605 potitis
611 2525 759 2586 amicitiam
773 2527 954 2608 sequerentur

171 2691 195 2755 (e
223 2685 302 2744 Some
316 2681 419 2759 Copias
433 2685 504 2740 have
518 2684 584 2743 here
597 2687 673 2759 qudm
683 2697 733 2740 tiit.
820 2735 823 2740 .

172 2769 198 2840 (s
225 2764 372 2832 Stubelios,
395 2762 420 2817 in
435 2761 476 2819 his
489 2759 576 2820 Notes
591 2763 666 2829 ltere,
690 2763 782 2848 iiialies
794 2764 842 2823 tlie
858 2764 954 2825 Mean·

133 2841 180 2922 ing
194 2847 227 2902 os
237 2844 291 2901 tliis
306 2840 384 2900 Place
400 2857 428 2928 to
442 2841 485 2907 be,
498 2839 577 2897 Tliat
592 2838 765 2926 Meneclides
779 2846 952 2930 entertained

130 2918 305 3058 qdjqalousy
331 2917 364 2976 os
387 2919 430 2977 liis
462 2937 524 2975 own
550 2915 650 2974 Wise’s
683 2916 765 2995 being
798 2921 890 3001 guilty
925 2928 955 2979 ol

179 3018 278 3058 uteri.

169 3078 213 3156 (g)
234 3079 295 3135 Viz.
317 3074 406 3150 Troy.
509 3162 512 3167 .
878 3153 954 3213 Ani-
