<?xml version="1.0" encoding="UTF-8"?>
<!DOCTYPE html PUBLIC "-//W3C//DTD XHTML 1.0 Transitional//EN"
    "http://www.w3.org/TR/xhtml1/DTD/xhtml1-transitional.dtd">
<html xmlns="http://www.w3.org/1999/xhtml" xml:lang="en" lang="en">
 <head>
  <title>
</title>
<meta http-equiv="Content-Type" content="text/html;charset=utf-8" />
  <meta name='ocr-system' content='tesseract 3.04.00' />
  <meta name='ocr-capabilities' content='ocr_page ocr_carea ocr_par ocr_line ocrx_word'/>
</head>
<body>
  <div class='ocr_page' id='page_1' title='image "./corneliinepotis06nepogoog_0143.png"; bbox 0 0 2016 3682; ppageno 0'>
   <div class='ocr_carea' id='block_1_1' title="bbox 99 264 718 365">
    <p class='ocr_par' dir='ltr' id='par_1_1' title="bbox 99 264 718 365">
     <span class='ocr_line' id='line_1_1' title="bbox 99 264 718 365; baseline 0.003 -31"><span class='ocrx_word' id='word_1_1' title='bbox 99 265 168 335; x_wconf 86' lang='lat'>128</span> <span class='ocrx_word' id='word_1_2' title='bbox 304 264 496 337; x_wconf 70' lang='lat' dir='ltr'>content</span> <span class='ocrx_word' id='word_1_3' title='bbox 525 266 718 365; x_wconf 76' lang='lat' dir='ltr'>Neeorts.</span> 
     </span>
    </p>
   </div>
   <div class='ocr_carea' id='block_1_2' title="bbox 29 420 955 2915">
    <p class='ocr_par' dir='ltr' id='par_1_2' title="bbox 29 420 955 2915">
     <span class='ocr_line' id='line_1_2' title="bbox 95 420 913 505; baseline 0.005 -23"><span class='ocrx_word' id='word_1_4' title='bbox 95 422 156 501; x_wconf 90' lang='lat' dir='ltr'>pari</span> <span class='ocrx_word' id='word_1_5' title='bbox 169 440 202 481; x_wconf 90' lang='lat' dir='ltr'>ac</span> <span class='ocrx_word' id='word_1_6' title='bbox 215 420 380 485; x_wconf 76' lang='lat' dir='ltr'>dictatorem</span> <span class='ocrx_word' id='word_1_7' title='bbox 395 423 524 501; x_wconf 87' lang='lat' dir='ltr'>imperio,</span> <span class='ocrx_word' id='word_1_8' title='bbox 546 423 611 482; x_wconf 90' lang='lat' dir='ltr'>dolo</span> <span class='ocrx_word' id='word_1_9' title='bbox 624 425 795 502; x_wconf 75' lang='lat' dir='ltr'>produd‘tum</span> <span class='ocrx_word' id='word_1_10' title='bbox 809 424 837 484; x_wconf 90' lang='lat' dir='ltr'>in</span> <span class='ocrx_word' id='word_1_11' title='bbox 850 446 913 505; x_wconf 83' lang='lat' dir='ltr'>pra·</span> 
     </span>
     <span class='ocr_line' id='line_1_3' title="bbox 95 501 914 581; baseline 0.006 -22"><span class='ocrx_word' id='word_1_12' title='bbox 95 504 175 575; x_wconf 79' lang='lat' dir='ltr'>lium,</span> <span class='ocrx_word' id='word_1_13' title='bbox 214 501 322 580; x_wconf 84' lang='lat' dir='ltr'>fugavit</span> <span class='ocrx_word' id='word_1_14' title='bbox 348 503 427 563; x_wconf 73' lang='lat' dir='ltr'>:Th</span> <span class='ocrx_word' id='word_1_15' title='bbox 452 503 646 581; x_wconf 79' lang='lat' dir='ltr'>Semproniuln</span> <span class='ocrx_word' id='word_1_16' title='bbox 672 503 846 575; x_wconf 80' lang='lat' dir='ltr'>Gracchum,</span> <span class='ocrx_word' id='word_1_17' title='bbox 867 507 914 564; x_wconf 87' lang='lat' dir='ltr'>ite·</span> 
     </span>
     <span class='ocr_line' id='line_1_4' title="bbox 95 578 954 651; baseline 0.01 -13"><span class='ocrx_word' id='word_1_18' title='bbox 95 601 157 641; x_wconf 86' lang='lat' dir='ltr'>runt</span> <span class='ocrx_word' id='word_1_19' title='bbox 176 580 326 651; x_wconf 87' lang='lat' dir='ltr'>consulem,</span> <span class='ocrx_word' id='word_1_20' title='bbox 349 580 376 638; x_wconf 93' lang='lat' dir='ltr'>in</span> <span class='ocrx_word' id='word_1_21' title='bbox 389 580 507 640; x_wconf 87' lang='lat' dir='ltr'>Lucanis</span> <span class='ocrx_word' id='word_1_22' title='bbox 531 581 636 650; x_wconf 78' lang='lat' dir='ltr'>absens,</span> <span class='ocrx_word' id='word_1_23' title='bbox 657 580 684 639; x_wconf 88' lang='lat' dir='ltr'>iu</span> <span class='ocrx_word' id='word_1_24' title='bbox 699 578 812 641; x_wconf 84' lang='lat' dir='ltr'>insidias</span> <span class='ocrx_word' id='word_1_25' title='bbox 824 583 915 643; x_wconf 90' lang='lat' dir='ltr'>induc·</span> <span class='ocrx_word' id='word_1_26' title='bbox 952 642 954 647; x_wconf 92' lang='lat'>.</span> 
     </span>
     <span class='ocr_line' id='line_1_5' title="bbox 95 657 915 739; baseline 0.007 -23"><span class='ocrx_word' id='word_1_27' title='bbox 95 676 154 717; x_wconf 91' lang='lat' dir='ltr'>tum</span> <span class='ocrx_word' id='word_1_28' title='bbox 176 657 303 718; x_wconf 83' lang='lat' dir='ltr'>sustulit:</span> <span class='ocrx_word' id='word_1_29' title='bbox 324 659 366 717; x_wconf 88' lang='lat' dir='ltr'>M.</span> <span class='ocrx_word' id='word_1_30' title='bbox 391 658 543 717; x_wconf 86' lang='lat' dir='ltr'>Claudium</span> <span class='ocrx_word' id='word_1_31' title='bbox 566 658 750 730; x_wconf 85' lang='lat' dir='ltr'>Marcellum,</span> <span class='ocrx_word' id='word_1_32' title='bbox 777 661 915 739; x_wconf 85' lang='lat' dir='ltr'>quinquies</span> 
     </span>
     <span class='ocr_line' id='line_1_6' title="bbox 94 727 913 815; baseline 0.007 -21"><span class='ocrx_word' id='word_1_33' title='bbox 94 734 246 807; x_wconf 87' lang='lat' dir='ltr'>consulem,</span> <span class='ocrx_word' id='word_1_34' title='bbox 289 739 364 815; x_wconf 89' lang='lat' dir='ltr'>apud</span> <span class='ocrx_word' id='word_1_35' title='bbox 400 727 547 796; x_wconf 79' lang='lat' dir='ltr'>Venusiam</span> <span class='ocrx_word' id='word_1_36' title='bbox 575 737 634 814; x_wconf 88' lang='lat' dir='ltr'>pari</span> <span class='ocrx_word' id='word_1_37' title='bbox 661 741 749 797; x_wconf 89' lang='lat' dir='ltr'>modo</span> <span class='ocrx_word' id='word_1_38' title='bbox 776 739 913 800; x_wconf 77' lang='lat' dir='ltr'>interfecit.</span> 
     </span>
     <span class='ocr_line' id='line_1_7' title="bbox 96 814 911 895; baseline 0.001 -20"><span class='ocrx_word' id='word_1_39' title='bbox 96 815 223 895; x_wconf 75' lang='lat' dir='ltr'>Longum</span> <span class='ocrx_word' id='word_1_40' title='bbox 237 814 275 874; x_wconf 83' lang='lat' dir='ltr'>est</span> <span class='ocrx_word' id='word_1_41' title='bbox 288 835 450 875; x_wconf 89' lang='lat' dir='ltr'>enumerare</span> <span class='ocrx_word' id='word_1_42' title='bbox 471 816 588 893; x_wconf 70' lang='lat' dir='ltr'>prelia:</span> <span class='ocrx_word' id='word_1_43' title='bbox 610 832 697 893; x_wconf 88' lang='lat' dir='ltr'>quare</span> <span class='ocrx_word' id='word_1_44' title='bbox 713 818 769 875; x_wconf 93' lang='lat' dir='ltr'>hoc</span> <span class='ocrx_word' id='word_1_45' title='bbox 784 837 858 876; x_wconf 88' lang='lat' dir='ltr'>unum</span> <span class='ocrx_word' id='word_1_46' title='bbox 872 816 911 875; x_wconf 86' lang='lat' dir='ltr'>sa·</span> 
     </span>
     <span class='ocr_line' id='line_1_8' title="bbox 96 892 920 973; baseline 0.004 -22"><span class='ocrx_word' id='word_1_47' title='bbox 96 892 131 952; x_wconf 92' lang='lat' dir='ltr'>tis</span> <span class='ocrx_word' id='word_1_48' title='bbox 150 893 204 952; x_wconf 90' lang='lat' dir='ltr'>erit</span> <span class='ocrx_word' id='word_1_49' title='bbox 226 894 342 966; x_wconf 69' lang='lat' dir='ltr'>dissum,</span> <span class='ocrx_word' id='word_1_50' title='bbox 370 914 405 954; x_wconf 85' lang='lat' dir='ltr'>ex</span> <span class='ocrx_word' id='word_1_51' title='bbox 423 914 479 971; x_wconf 88' lang='lat' dir='ltr'>quo</span> <span class='ocrx_word' id='word_1_52' title='bbox 498 894 616 972; x_wconf 80' lang='lat' dir='ltr'>intelligi</span> <span class='ocrx_word' id='word_1_53' title='bbox 632 894 720 971; x_wconf 75' lang='lat' dir='ltr'>possit,</span> <span class='ocrx_word' id='word_1_54' title='bbox 741 894 920 973; x_wconf 74' lang='lat' dir='ltr'>quantusille</span> 
     </span>
     <span class='ocr_line' id='line_1_9' title="bbox 95 972 913 1051; baseline 0.005 -22"><span class='ocrx_word' id='word_1_55' title='bbox 95 972 196 1037; x_wconf 87' lang='lat' dir='ltr'>fuerit:</span> <span class='ocrx_word' id='word_1_56' title='bbox 218 973 354 1049; x_wconf 88' lang='lat' dir='ltr'>quamdiu</span> <span class='ocrx_word' id='word_1_57' title='bbox 376 973 505 1040; x_wconf 63' lang='lat' dir='ltr'>indralia</span> <span class='ocrx_word' id='word_1_58' title='bbox 527 973 588 1042; x_wconf 87' lang='lat' dir='ltr'>suit,</span> <span class='ocrx_word' id='word_1_59' title='bbox 609 972 732 1051; x_wconf 85' lang='lat' dir='ltr'>nemoei</span> <span class='ocrx_word' id='word_1_60' title='bbox 758 975 786 1030; x_wconf 93' lang='lat' dir='ltr'>in</span> <span class='ocrx_word' id='word_1_61' title='bbox 808 975 913 1034; x_wconf 88' lang='lat' dir='ltr'>aciere·</span> 
     </span>
     <span class='ocr_line' id='line_1_10' title="bbox 95 1049 914 1132; baseline 0.006 -25"><span class='ocrx_word' id='word_1_62' title='bbox 95 1050 163 1110; x_wconf 87' lang='lat' dir='ltr'>stitit</span> <span class='ocrx_word' id='word_1_63' title='bbox 175 1084 183 1126; x_wconf 76' lang='lat' dir='ltr'>t</span> <span class='ocrx_word' id='word_1_64' title='bbox 205 1070 286 1110; x_wconf 88' lang='lat' dir='ltr'>nemo</span> <span class='ocrx_word' id='word_1_65' title='bbox 305 1049 436 1109; x_wconf 86' lang='lat' dir='ltr'>adversus</span> <span class='ocrx_word' id='word_1_66' title='bbox 449 1072 514 1111; x_wconf 87' lang='lat' dir='ltr'>eum</span> <span class='ocrx_word' id='word_1_67' title='bbox 528 1053 585 1128; x_wconf 87' lang='lat' dir='ltr'>poll</span> <span class='ocrx_word' id='word_1_68' title='bbox 598 1049 914 1132; x_wconf 81' lang='lat' dir='ltr'>Cannensempognam,</span> 
     </span>
     <span class='ocr_line' id='line_1_11' title="bbox 96 1127 555 1209; baseline 0.002 -23"><span class='ocrx_word' id='word_1_69' title='bbox 96 1130 124 1187; x_wconf 92' lang='lat' dir='ltr'>in</span> <span class='ocrx_word' id='word_1_70' title='bbox 138 1128 330 1209; x_wconf 81' lang='lat' dir='ltr'>campotallrn</span> <span class='ocrx_word' id='word_1_71' title='bbox 346 1127 445 1205; x_wconf 89' lang='lat' dir='ltr'>posuit.</span> <span class='ocrx_word' id='word_1_72' title='bbox 552 1160 555 1167; x_wconf 95' lang='lat'>·</span> 
     </span>
     <span class='ocr_line' id='line_1_12' title="bbox 135 1207 918 1286; baseline 0.001 -19"><span class='ocrx_word' id='word_1_73' title='bbox 135 1210 211 1272; x_wconf 81' lang='lat' dir='ltr'>Cnr.</span> <span class='ocrx_word' id='word_1_74' title='bbox 232 1208 281 1267; x_wconf 91' lang='lat' dir='ltr'>Vl.</span> <span class='ocrx_word' id='word_1_75' title='bbox 313 1207 370 1266; x_wconf 84' lang='lat' dir='ltr'>Hic</span> <span class='ocrx_word' id='word_1_76' title='bbox 398 1208 516 1268; x_wconf 73' lang='lat' dir='ltr'>invisius</span> <span class='ocrx_word' id='word_1_77' title='bbox 537 1208 654 1286; x_wconf 88' lang='lat' dir='ltr'>patriam</span> <span class='ocrx_word' id='word_1_78' title='bbox 674 1209 822 1269; x_wconf 81' lang='lat' dir='ltr'>defensum</span> <span class='ocrx_word' id='word_1_79' title='bbox 842 1231 918 1270; x_wconf 85' lang='lat' dir='ltr'>rern-</span> 
     </span>
     <span class='ocr_line' id='line_1_13' title="bbox 96 1286 916 1366; baseline 0.006 -23"><span class='ocrx_word' id='word_1_80' title='bbox 96 1305 182 1360; x_wconf 80' lang='lat' dir='ltr'>catus,</span> <span class='ocrx_word' id='word_1_81' title='bbox 220 1286 328 1346; x_wconf 87' lang='lat' dir='ltr'>bellurn</span> <span class='ocrx_word' id='word_1_82' title='bbox 353 1287 428 1364; x_wconf 81' lang='lat' dir='ltr'>gellit</span> <span class='ocrx_word' id='word_1_83' title='bbox 455 1286 583 1346; x_wconf 76' lang='lat' dir='ltr'>sdversus</span> <span class='ocrx_word' id='word_1_84' title='bbox 605 1286 635 1346; x_wconf 87' lang='lat' dir='ltr'>P.</span> <span class='ocrx_word' id='word_1_85' title='bbox 659 1287 800 1366; x_wconf 81' lang='lat' dir='ltr'>Scipionis</span> <span class='ocrx_word' id='word_1_86' title='bbox 824 1286 916 1357; x_wconf 84' lang='lat' dir='ltr'>filiurn,</span> 
     </span>
     <span class='ocr_line' id='line_1_14' title="bbox 117 1363 918 1445; baseline 0.004 -21"><span class='ocrx_word' id='word_1_87' title='bbox 117 1388 180 1426; x_wconf 87' lang='lat' dir='ltr'>uem</span> <span class='ocrx_word' id='word_1_88' title='bbox 204 1365 262 1444; x_wconf 89' lang='lat' dir='ltr'>ipse</span> <span class='ocrx_word' id='word_1_89' title='bbox 283 1363 403 1443; x_wconf 82' lang='lat' dir='ltr'>primum</span> <span class='ocrx_word' id='word_1_90' title='bbox 422 1370 496 1442; x_wconf 86' lang='lat' dir='ltr'>apud</span> <span class='ocrx_word' id='word_1_91' title='bbox 518 1368 697 1437; x_wconf 84' lang='lat' dir='ltr'>Rhodanum,</span> <span class='ocrx_word' id='word_1_92' title='bbox 720 1366 823 1426; x_wconf 89' lang='lat' dir='ltr'>iterum</span> <span class='ocrx_word' id='word_1_93' title='bbox 846 1371 918 1445; x_wconf 84' lang='lat' dir='ltr'>apud</span> 
     </span>
     <span class='ocr_line' id='line_1_15' title="bbox 95 1386 919 1525; baseline 0.006 -25"><span class='ocrx_word' id='word_1_94' title='bbox 95 1386 213 1517; x_wconf 62' lang='lat' dir='ltr'>sadum,</span> <span class='ocrx_word' id='word_1_95' title='bbox 235 1443 407 1525; x_wconf 27' lang='lat' dir='ltr'>tertidlapud</span> <span class='ocrx_word' id='word_1_96' title='bbox 423 1445 559 1503; x_wconf 79' lang='lat' dir='ltr'>Trebiam</span> <span class='ocrx_word' id='word_1_97' title='bbox 571 1445 726 1523; x_wconf 82' lang='lat' dir='ltr'>fugaverat.</span> <span class='ocrx_word' id='word_1_98' title='bbox 748 1518 751 1523; x_wconf 23' lang='grc' dir='ltr'>Ι</span> <span class='ocrx_word' id='word_1_99' title='bbox 769 1446 843 1504; x_wconf 92' lang='lat' dir='ltr'>Cum</span> <span class='ocrx_word' id='word_1_100' title='bbox 858 1449 919 1517; x_wconf 87' lang='lat' dir='ltr'>hoc,</span> 
     </span>
     <span class='ocr_line' id='line_1_16' title="bbox 95 1520 918 1603; baseline 0.002 -22"><span class='ocrx_word' id='word_1_101' title='bbox 95 1524 233 1584; x_wconf 83' lang='lat' dir='ltr'>exhaustis</span> <span class='ocrx_word' id='word_1_102' title='bbox 244 1525 301 1601; x_wconf 88' lang='lat' dir='ltr'>jam</span> <span class='ocrx_word' id='word_1_103' title='bbox 317 1521 412 1599; x_wconf 79' lang='lat' dir='ltr'>patria</span> <span class='ocrx_word' id='word_1_104' title='bbox 428 1523 614 1589; x_wconf 81' lang='lat' dir='ltr'>facultatibus,</span> <span class='ocrx_word' id='word_1_105' title='bbox 632 1520 738 1600; x_wconf 79' lang='lat' dir='ltr'>cupivit</span> <span class='ocrx_word' id='word_1_106' title='bbox 750 1522 793 1601; x_wconf 75' lang='lat' dir='ltr'>(k)</span> <span class='ocrx_word' id='word_1_107' title='bbox 810 1524 835 1582; x_wconf 92' lang='lat' dir='ltr'>in</span> <span class='ocrx_word' id='word_1_108' title='bbox 851 1545 918 1603; x_wconf 86' lang='lat' dir='ltr'>prae·</span> 
     </span>
     <span class='ocr_line' id='line_1_17' title="bbox 94 1599 919 1679; baseline 0.005 -21"><span class='ocrx_word' id='word_1_109' title='bbox 94 1599 242 1660; x_wconf 78' lang='lat' dir='ltr'>sentiarum</span> <span class='ocrx_word' id='word_1_110' title='bbox 266 1600 370 1659; x_wconf 87' lang='lat' dir='ltr'>bellum</span> <span class='ocrx_word' id='word_1_111' title='bbox 391 1621 566 1679; x_wconf 86' lang='lat' dir='ltr'>componere,</span> <span class='ocrx_word' id='word_1_112' title='bbox 580 1606 649 1678; x_wconf 74' lang='lat' dir='ltr'>‘qud</span> <span class='ocrx_word' id='word_1_113' title='bbox 672 1603 809 1661; x_wconf 87' lang='lat' dir='ltr'>valentior</span> <span class='ocrx_word' id='word_1_114' title='bbox 828 1604 919 1679; x_wconf 87' lang='lat' dir='ltr'>postea</span> 
     </span>
     <span class='ocr_line' id='line_1_18' title="bbox 94 1678 920 1759; baseline 0.002 -23"><span class='ocrx_word' id='word_1_115' title='bbox 94 1682 323 1759; x_wconf 79' lang='lat' dir='ltr'>congrederetur.</span> <span class='ocrx_word' id='word_1_116' title='bbox 377 1680 408 1739; x_wconf 90' lang='lat' dir='ltr'>ln</span> <span class='ocrx_word' id='word_1_117' title='bbox 437 1680 607 1756; x_wconf 82' lang='lat' dir='ltr'>colloquium</span> <span class='ocrx_word' id='word_1_118' title='bbox 640 1679 791 1752; x_wconf 65' lang='lat' dir='ltr'>contenit,</span> <span class='ocrx_word' id='word_1_119' title='bbox 824 1678 920 1738; x_wconf 85' lang='lat' dir='ltr'>cotidi-</span> 
     </span>
     <span class='ocr_line' id='line_1_19' title="bbox 95 1751 916 1836; baseline 0 -21"><span class='ocrx_word' id='word_1_120' title='bbox 95 1759 196 1817; x_wconf 79' lang='lat' dir='ltr'>tiones¹</span> <span class='ocrx_word' id='word_1_121' title='bbox 217 1778 270 1817; x_wconf 92' lang='lat' dir='ltr'>non</span> <span class='ocrx_word' id='word_1_122' title='bbox 286 1766 496 1817; x_wconf 85' lang='lat' dir='ltr'>&#39;convenerunt¹</span> <span class='ocrx_word' id='word_1_123' title='bbox 540 1758 600 1816; x_wconf 85' lang='lat' dir='ltr'>Post</span> <span class='ocrx_word' id='word_1_124' title='bbox 627 1751 661 1817; x_wconf 81' lang='lat' dir='ltr'>‘m&#39;</span> <span class='ocrx_word' id='word_1_125' title='bbox 683 1758 796 1829; x_wconf 74' lang='lat' dir='ltr'>saslum,</span> <span class='ocrx_word' id='word_1_126' title='bbox 823 1759 916 1836; x_wconf 86' lang='lat' dir='ltr'>paucis</span> 
     </span>
     <span class='ocr_line' id='line_1_20' title="bbox 93 1834 911 1915; baseline -0.006 -20"><span class='ocrx_word' id='word_1_127' title='bbox 93 1836 194 1897; x_wconf 84' lang='lat' dir='ltr'>dicbus</span> <span class='ocrx_word' id='word_1_128' title='bbox 213 1838 288 1914; x_wconf 85' lang='lat' dir='ltr'>apud</span> <span class='ocrx_word' id='word_1_129' title='bbox 304 1836 422 1894; x_wconf 86' lang='lat' dir='ltr'>Zamam</span> <span class='ocrx_word' id='word_1_130' title='bbox 443 1857 505 1895; x_wconf 88' lang='lat' dir='ltr'>curn</span> <span class='ocrx_word' id='word_1_131' title='bbox 527 1840 626 1896; x_wconf 80' lang='lat' dir='ltr'>eodem</span> <span class='ocrx_word' id='word_1_132' title='bbox 648 1834 788 1896; x_wconf 79' lang='lat' dir='ltr'>conflixit:</span> <span class='ocrx_word' id='word_1_133' title='bbox 819 1834 911 1915; x_wconf 81' lang='lat' dir='ltr'>pulsus</span> 
     </span>
     <span class='ocr_line' id='line_1_21' title="bbox 94 1906 910 1993; baseline -0.002 -20"><span class='ocrx_word' id='word_1_134' title='bbox 94 1915 272 1993; x_wconf 77' lang='lat' dir='ltr'>(incredibile</span> <span class='ocrx_word' id='word_1_135' title='bbox 295 1915 387 1988; x_wconf 71' lang='lat' dir='ltr'>disin)</span> <span class='ocrx_word' id='word_1_136' title='bbox 410 1911 537 1993; x_wconf 82' lang='lat' dir='ltr'>biduo&amp;</span> <span class='ocrx_word' id='word_1_137' title='bbox 559 1917 668 1974; x_wconf 84' lang='lat' dir='ltr'>duabus</span> <span class='ocrx_word' id='word_1_138' title='bbox 688 1906 910 1973; x_wconf 60' lang='lat' dir='ltr'>nudibusAdiuss</span> 
     </span>
     <span class='ocr_line' id='line_1_22' title="bbox 93 1986 913 2072; baseline -0.007 -19"><span class='ocrx_word' id='word_1_139' title='bbox 93 2015 198 2056; x_wconf 78' lang='lat' dir='ltr'>nictum</span> <span class='ocrx_word' id='word_1_140' title='bbox 220 1996 356 2072; x_wconf 74' lang='lat' dir='ltr'>pervenit,</span> <span class='ocrx_word' id='word_1_141' title='bbox 377 1998 453 2070; x_wconf 88' lang='lat' dir='ltr'>quod</span> <span class='ocrx_word' id='word_1_142' title='bbox 468 1996 541 2053; x_wconf 82' lang='lat' dir='ltr'>abest</span> <span class='ocrx_word' id='word_1_143' title='bbox 563 1993 683 2053; x_wconf 80' lang='lat' dir='ltr'>alZama</span> <span class='ocrx_word' id='word_1_144' title='bbox 705 1990 811 2051; x_wconf 84' lang='lat' dir='ltr'>circiter</span> <span class='ocrx_word' id='word_1_145' title='bbox 825 1986 913 2066; x_wconf 84' lang='lat' dir='ltr'>millia</span> 
     </span>
     <span class='ocr_line' id='line_1_23' title="bbox 93 2068 919 2152; baseline -0.006 -19"><span class='ocrx_word' id='word_1_146' title='bbox 93 2074 217 2152; x_wconf 83' lang='lat' dir='ltr'>passuum</span> <span class='ocrx_word' id='word_1_147' title='bbox 239 2074 369 2132; x_wconf 79' lang='lat' dir='ltr'>trecenta.</span> <span class='ocrx_word' id='word_1_148' title='bbox 413 2071 450 2147; x_wconf 30' lang='lat' dir='ltr'>ln,</span> <span class='ocrx_word' id='word_1_149' title='bbox 465 2075 515 2130; x_wconf 88' lang='lat' dir='ltr'>hac</span> <span class='ocrx_word' id='word_1_150' title='bbox 536 2075 611 2151; x_wconf 83' lang='lat' dir='ltr'>suga,</span> <span class='ocrx_word' id='word_1_151' title='bbox 637 2070 793 2144; x_wconf 83' lang='lat' dir='ltr'>Numidiae,</span> <span class='ocrx_word' id='word_1_152' title='bbox 818 2071 867 2148; x_wconf 84' lang='lat' dir='ltr'>qui</span> <span class='ocrx_word' id='word_1_153' title='bbox 883 2068 919 2139; x_wconf 64' lang='lat' dir='ltr'>st*¹</span> 
     </span>
     <span class='ocr_line' id='line_1_24' title="bbox 93 2148 915 2220; baseline -0.009 -9"><span class='ocrx_word' id='word_1_154' title='bbox 93 2154 151 2212; x_wconf 86' lang='lat' dir='ltr'>mul</span> <span class='ocrx_word' id='word_1_155' title='bbox 176 2174 238 2212; x_wconf 90' lang='lat' dir='ltr'>cum</span> <span class='ocrx_word' id='word_1_156' title='bbox 262 2170 296 2210; x_wconf 87' lang='lat' dir='ltr'>eo</span> <span class='ocrx_word' id='word_1_157' title='bbox 319 2171 353 2210; x_wconf 85' lang='lat' dir='ltr'>ex</span> <span class='ocrx_word' id='word_1_158' title='bbox 375 2150 434 2209; x_wconf 87' lang='lat' dir='ltr'>acie</span> <span class='ocrx_word' id='word_1_159' title='bbox 452 2151 626 2220; x_wconf 78' lang='lat' dir='ltr'>excesserant,</span> <span class='ocrx_word' id='word_1_160' title='bbox 649 2148 769 2209; x_wconf 78' lang='lat' dir='ltr'>insidiati</span> <span class='ocrx_word' id='word_1_161' title='bbox 789 2150 850 2209; x_wconf 87' lang='lat' dir='ltr'>sunt</span> <span class='ocrx_word' id='word_1_162' title='bbox 870 2148 915 2208; x_wconf 83' lang='lat' dir='ltr'>ei:</span> 
     </span>
     <span class='ocr_line' id='line_1_25' title="bbox 92 2228 955 2308; baseline -0.008 -17"><span class='ocrx_word' id='word_1_163' title='bbox 92 2252 162 2308; x_wconf 85' lang='lat' dir='ltr'>quos</span> <span class='ocrx_word' id='word_1_164' title='bbox 187 2253 240 2290; x_wconf 91' lang='lat' dir='ltr'>non</span> <span class='ocrx_word' id='word_1_165' title='bbox 262 2229 349 2289; x_wconf 78' lang='lat' dir='ltr'>stilum</span> <span class='ocrx_word' id='word_1_166' title='bbox 373 2228 478 2308; x_wconf 80' lang='lat' dir='ltr'>effugit,</span> <span class='ocrx_word' id='word_1_167' title='bbox 508 2228 554 2289; x_wconf 89' lang='lat' dir='ltr'>sed</span> <span class='ocrx_word' id='word_1_168' title='bbox 580 2231 663 2288; x_wconf 88' lang='lat' dir='ltr'>etiarn</span> <span class='ocrx_word' id='word_1_169' title='bbox 687 2228 760 2305; x_wconf 84' lang='lat' dir='ltr'>ipsos</span> <span class='ocrx_word' id='word_1_170' title='bbox 780 2229 917 2305; x_wconf 84' lang='lat' dir='ltr'>oppressu.</span> <span class='ocrx_word' id='word_1_171' title='bbox 948 2260 955 2278; x_wconf 51' lang='grc' dir='ltr'>κ</span> 
     </span>
     <span class='ocr_line' id='line_1_26' title="bbox 93 2306 918 2386; baseline -0.004 -18"><span class='ocrx_word' id='word_1_172' title='bbox 93 2309 241 2370; x_wconf 84' lang='lat' dir='ltr'>Adrumeri</span> <span class='ocrx_word' id='word_1_173' title='bbox 264 2310 385 2385; x_wconf 84' lang='lat' dir='ltr'>reliquos</span> <span class='ocrx_word' id='word_1_174' title='bbox 405 2311 528 2386; x_wconf 79' lang='lat' dir='ltr'>exsu&#39;ga</span> <span class='ocrx_word' id='word_1_175' title='bbox 548 2306 683 2386; x_wconf 69' lang='lat' dir='ltr'>collegit,</span> <span class='ocrx_word' id='word_1_176' title='bbox 706 2307 783 2366; x_wconf 82' lang='lat' dir='ltr'>noris</span> <span class='ocrx_word' id='word_1_177' title='bbox 796 2307 918 2367; x_wconf 72' lang='lat' dir='ltr'>delecli·</span> 
     </span>
     <span class='ocr_line' id='line_1_27' title="bbox 93 2386 869 2467; baseline -0.012 -16"><span class='ocrx_word' id='word_1_178' title='bbox 93 2391 154 2462; x_wconf 86' lang='lat' dir='ltr'>bus,</span> <span class='ocrx_word' id='word_1_179' title='bbox 176 2389 271 2467; x_wconf 83' lang='lat' dir='ltr'>paucis</span> <span class='ocrx_word' id='word_1_180' title='bbox 285 2387 393 2461; x_wconf 84' lang='lat' dir='ltr'>diebus,</span> <span class='ocrx_word' id='word_1_181' title='bbox 416 2388 516 2446; x_wconf 83' lang='lat' dir='ltr'>multos</span> <span class='ocrx_word' id='word_1_182' title='bbox 530 2386 676 2467; x_wconf 76' lang='lat' dir='ltr'>contraxit.</span> <span class='ocrx_word' id='word_1_183' title='bbox 865 2397 869 2405; x_wconf 88' lang='grc'><em>·</em></span> 
     </span>
     <span class='ocr_line' id='line_1_28' title="bbox 132 2463 917 2544; baseline -0.006 -15"><span class='ocrx_word' id='word_1_184' title='bbox 132 2472 208 2529; x_wconf 72' lang='lat' dir='ltr'>Cir.</span> <span class='ocrx_word' id='word_1_185' title='bbox 233 2467 297 2527; x_wconf 90' lang='lat' dir='ltr'>Vll.</span> <span class='ocrx_word' id='word_1_186' title='bbox 341 2469 413 2526; x_wconf 78' lang='lat' dir='ltr'>Ctlm</span> <span class='ocrx_word' id='word_1_187' title='bbox 446 2466 472 2522; x_wconf 93' lang='lat' dir='ltr'>in</span> <span class='ocrx_word' id='word_1_188' title='bbox 506 2468 666 2544; x_wconf 85' lang='lat' dir='ltr'>apparando</span> <span class='ocrx_word' id='word_1_189' title='bbox 690 2463 828 2524; x_wconf 66' lang='lat' dir='ltr'>acerrime</span> <span class='ocrx_word' id='word_1_190' title='bbox 849 2465 917 2525; x_wconf 84' lang='lat' dir='ltr'>&#39;esset</span> 
     </span>
     <span class='ocr_line' id='line_1_29' title="bbox 92 2543 916 2625; baseline -0.012 -15"><span class='ocrx_word' id='word_1_191' title='bbox 92 2567 251 2625; x_wconf 84' lang='lat' dir='ltr'>occupatus,</span> <span class='ocrx_word' id='word_1_192' title='bbox 285 2543 528 2625; x_wconf 74' lang='lat' dir='ltr'>Carthaginienses</span> <span class='ocrx_word' id='word_1_193' title='bbox 562 2545 666 2602; x_wconf 88' lang='lat' dir='ltr'>bellum</span> <span class='ocrx_word' id='word_1_194' title='bbox 695 2564 759 2602; x_wconf 80' lang='lat' dir='ltr'>cunr</span> <span class='ocrx_word' id='word_1_195' title='bbox 785 2545 916 2601; x_wconf 87' lang='lat' dir='ltr'>Romanis</span> 
     </span>
     <span class='ocr_line' id='line_1_30' title="bbox 92 2621 916 2703; baseline -0.01 -16"><span class='ocrx_word' id='word_1_196' title='bbox 92 2624 324 2703; x_wconf 74' lang='lat' dir='ltr'>composuerunt·</span> <span class='ocrx_word' id='word_1_197' title='bbox 358 2626 417 2697; x_wconf 90' lang='lat' dir='ltr'>llle,</span> <span class='ocrx_word' id='word_1_198' title='bbox 440 2621 645 2693; x_wconf 79' lang='lat' dir='ltr'>nihilosecius,</span> <span class='ocrx_word' id='word_1_199' title='bbox 666 2623 804 2697; x_wconf 81' lang='lat' dir='ltr'>exercitui</span> <span class='ocrx_word' id='word_1_200' title='bbox 825 2623 916 2698; x_wconf 83' lang='lat' dir='ltr'>postea</span> 
     </span>
     <span class='ocr_line' id='line_1_31' title="bbox 29 2701 917 2785; baseline -0.012 -18"><span class='ocrx_word' id='word_1_201' title='bbox 29 2723 33 2732; x_wconf 93' lang='grc'><strong><em>·</em></strong></span> <span class='ocrx_word' id='word_1_202' title='bbox 92 2706 214 2785; x_wconf 80' lang='lat' dir='ltr'>praefuit,</span> <span class='ocrx_word' id='word_1_203' title='bbox 245 2703 343 2780; x_wconf 87' lang='lat' dir='ltr'>resque</span> <span class='ocrx_word' id='word_1_204' title='bbox 363 2704 389 2763; x_wconf 92' lang='lat' dir='ltr'>in</span> <span class='ocrx_word' id='word_1_205' title='bbox 412 2703 495 2760; x_wconf 82' lang='lat' dir='ltr'>Arica</span> <span class='ocrx_word' id='word_1_206' title='bbox 519 2701 592 2780; x_wconf 85' lang='lat' dir='ltr'>gellu</span> <span class='ocrx_word' id='word_1_207' title='bbox 617 2703 753 2777; x_wconf 87' lang='lat' dir='ltr'>[itemque</span> <span class='ocrx_word' id='word_1_208' title='bbox 773 2701 823 2758; x_wconf 88' lang='lat' dir='ltr'>Ma</span> <span class='ocrx_word' id='word_1_209' title='bbox 845 2722 862 2758; x_wconf 94' lang='lat' dir='ltr'>o</span> <span class='ocrx_word' id='word_1_210' title='bbox 883 2701 917 2779; x_wconf 83' lang='lat'>(1)</span> 
     </span>
     <span class='ocr_line' id='line_1_32' title="bbox 90 2778 916 2915; baseline -0.013 -69"><span class='ocrx_word' id='word_1_211' title='bbox 90 2788 177 2846; x_wconf 83' lang='lat' dir='ltr'>stater</span> <span class='ocrx_word' id='word_1_212' title='bbox 198 2784 269 2861; x_wconf 85' lang='lat' dir='ltr'>ejus]</span> <span class='ocrx_word' id='word_1_213' title='bbox 291 2780 378 2858; x_wconf 88' lang='lat' dir='ltr'>usque</span> <span class='ocrx_word' id='word_1_214' title='bbox 400 2785 435 2842; x_wconf 88' lang='lat' dir='ltr'>ad</span> <span class='ocrx_word' id='word_1_215' title='bbox 456 2780 586 2861; x_wconf 76' lang='lat' dir='ltr'>Publium</span> <span class='ocrx_word' id='word_1_216' title='bbox 605 2779 800 2857; x_wconf 82' lang='lat' dir='ltr'>Sulpicium&amp;</span> <span class='ocrx_word' id='word_1_217' title='bbox 842 2778 916 2915; x_wconf 62' lang='lat' dir='ltr'>aipm</span> 
     </span>
     <span class='ocr_line' id='line_1_33' title="bbox 367 2878 918 2915; baseline 0 -26"><span class='ocrx_word' id='word_1_218' title='bbox 367 2882 370 2889; x_wconf 76' lang='grc'><strong>,</strong></span> <span class='ocrx_word' id='word_1_219' title='bbox 463 2888 466 2895; x_wconf 88' lang='grc'>,</span> <span class='ocrx_word' id='word_1_220' title='bbox 888 2878 918 2915; x_wconf 69' lang='lat' dir='ltr'>u,</span> 
     </span>
    </p>
   </div>
   <div class='ocr_carea' id='block_1_3' title="bbox 62 3021 918 3397">
    <p class='ocr_par' dir='ltr' id='par_1_3' title="bbox 86 3021 916 3190">
     <span class='ocr_line' id='line_1_34' title="bbox 130 3021 916 3115; baseline -0.015 -24"><span class='ocrx_word' id='word_1_221' title='bbox 130 3036 171 3115; x_wconf 77' lang='lat' dir='ltr'>(k)</span> <span class='ocrx_word' id='word_1_222' title='bbox 184 3034 203 3096; x_wconf 87' lang='lat' dir='ltr'>i.</span> <span class='ocrx_word' id='word_1_223' title='bbox 216 3053 242 3091; x_wconf 94' lang='lat' dir='ltr'>e.</span> <span class='ocrx_word' id='word_1_224' title='bbox 253 3032 281 3088; x_wconf 86' lang='lat' dir='ltr'>in</span> <span class='ocrx_word' id='word_1_225' title='bbox 291 3025 432 3104; x_wconf 75' lang='lat' dir='ltr'>presentia</span> <span class='ocrx_word' id='word_1_226' title='bbox 444 3044 532 3082; x_wconf 85' lang='lat' dir='ltr'>rerurrr</span> <span class='ocrx_word' id='word_1_227' title='bbox 544 3053 553 3094; x_wconf 86' lang='lat'>;</span> <span class='ocrx_word' id='word_1_228' title='bbox 568 3021 596 3079; x_wconf 90' lang='lat' dir='ltr'>in</span> <span class='ocrx_word' id='word_1_229' title='bbox 608 3021 812 3096; x_wconf 78' lang='lat' dir='ltr'>presentiarum</span> <span class='ocrx_word' id='word_1_230' title='bbox 827 3026 853 3080; x_wconf 74' lang='grc' dir='ltr'>δι</span> <span class='ocrx_word' id='word_1_231' title='bbox 866 3025 916 3079; x_wconf 84' lang='lat' dir='ltr'>irre·</span> 
     </span>
     <span class='ocr_line' id='line_1_35' title="bbox 86 3099 914 3190; baseline -0.012 -22"><span class='ocrx_word' id='word_1_232' title='bbox 86 3116 304 3190; x_wconf 70' lang='lat' dir='ltr'>praesdnriarum,</span> <span class='ocrx_word' id='word_1_233' title='bbox 319 3105 455 3174; x_wconf 74' lang='lat' dir='ltr'>Advarbs,</span> <span class='ocrx_word' id='word_1_234' title='bbox 469 3102 516 3161; x_wconf 75' lang='lat' dir='ltr'>a&#39;r&#39;e</span> <span class='ocrx_word' id='word_1_235' title='bbox 530 3102 597 3159; x_wconf 82' lang='lat' dir='ltr'>both</span> <span class='ocrx_word' id='word_1_236' title='bbox 612 3104 645 3158; x_wconf 87' lang='lat' dir='ltr'>os</span> <span class='ocrx_word' id='word_1_237' title='bbox 654 3105 702 3160; x_wconf 87' lang='lat' dir='ltr'>&#39;the</span> <span class='ocrx_word' id='word_1_238' title='bbox 716 3101 790 3171; x_wconf 86' lang='lat' dir='ltr'>same</span> <span class='ocrx_word' id='word_1_239' title='bbox 804 3099 914 3179; x_wconf 83' lang='lat' dir='ltr'>Signifi-</span> 
     </span>
    </p>

    <p class='ocr_par' dir='ltr' id='par_1_4' title="bbox 62 3178 918 3393">
     <span class='ocr_line' id='line_1_36' title="bbox 62 3178 904 3258; baseline -0.012 -9"><span class='ocrx_word' id='word_1_240' title='bbox 62 3230 67 3247; x_wconf 79' lang='lat'>.</span> <span class='ocrx_word' id='word_1_241' title='bbox 90 3182 192 3258; x_wconf 62' lang='lat' dir='ltr'>ration,</span> <span class='ocrx_word' id='word_1_242' title='bbox 205 3195 268 3246; x_wconf 79' lang='lat' dir='ltr'>viz.</span> <span class='ocrx_word' id='word_1_243' title='bbox 284 3204 312 3245; x_wconf 80' lang='lat' dir='ltr'>at</span> <span class='ocrx_word' id='word_1_244' title='bbox 325 3184 380 3242; x_wconf 83' lang='lat' dir='ltr'>this</span> <span class='ocrx_word' id='word_1_245' title='bbox 393 3181 469 3250; x_wconf 87' lang='lat' dir='ltr'>rime,</span> <span class='ocrx_word' id='word_1_246' title='bbox 492 3183 535 3237; x_wconf 85' lang='lat' dir='ltr'>lor</span> <span class='ocrx_word' id='word_1_247' title='bbox 545 3178 599 3237; x_wconf 86' lang='lat' dir='ltr'>this</span> <span class='ocrx_word' id='word_1_248' title='bbox 609 3178 727 3255; x_wconf 85' lang='lat' dir='ltr'>present,</span> <span class='ocrx_word' id='word_1_249' title='bbox 744 3199 771 3237; x_wconf 88' lang='lat' dir='ltr'>at</span> <span class='ocrx_word' id='word_1_250' title='bbox 784 3180 904 3255; x_wconf 88' lang='lat' dir='ltr'>present.</span> 
     </span>
     <span class='ocr_line' id='line_1_37' title="bbox 131 3257 918 3393; baseline -0.01 -69"><span class='ocrx_word' id='word_1_251' title='bbox 131 3272 169 3353; x_wconf 84' lang='grc' dir='ltr'>(Ι)</span> <span class='ocrx_word' id='word_1_252' title='bbox 179 3268 242 3326; x_wconf 83' lang='lat' dir='ltr'>One</span> <span class='ocrx_word' id='word_1_253' title='bbox 263 3264 363 3341; x_wconf 79' lang='lat' dir='ltr'>Mago,-</span> <span class='ocrx_word' id='word_1_254' title='bbox 387 3257 549 3319; x_wconf 76' lang='lat' dir='ltr'>Hannibale</span> <span class='ocrx_word' id='word_1_255' title='bbox 562 3257 694 3332; x_wconf 79' lang='lat' dir='ltr'>Brother,</span> <span class='ocrx_word' id='word_1_256' title='bbox 711 3278 768 3319; x_wconf 84' lang='lat' dir='ltr'>was</span> <span class='ocrx_word' id='word_1_257' title='bbox 781 3258 846 3393; x_wconf 62' lang='lat' dir='ltr'>llaip</span> <span class='ocrx_word' id='word_1_258' title='bbox 856 3258 918 3392; x_wconf 46' lang='lat' dir='ltr'>inlr</span> 
     </span>
    </p>

    <p class='ocr_par' dir='ltr' id='par_1_5' title="bbox 109 3355 916 3397">
     <span class='ocr_line' id='line_1_38' title="bbox 109 3355 916 3397; baseline 0.012 -11"><span class='ocrx_word' id='word_1_259' title='bbox 109 3358 112 3363; x_wconf 92' lang='lat'>·</span> <span class='ocrx_word' id='word_1_260' title='bbox 849 3355 887 3397; x_wconf 89' lang='lat' dir='ltr'>art</span> <span class='ocrx_word' id='word_1_261' title='bbox 900 3355 916 3396; x_wconf 84' lang='lat' dir='ltr'>e</span> 
     </span>
    </p>
   </div>
   <div class='ocr_carea' id='block_1_4' title="bbox 0 0 1012 3682">
    <p class='ocr_par' dir='ltr' id='par_1_6' title="bbox 0 0 1012 3682">
     <span class='ocr_line' id='line_1_39' title="bbox 0 0 1012 3682; baseline 0 1"><span class='ocrx_word' id='word_1_262' title='bbox 0 0 1012 3682; x_wconf 95' lang='lat' dir='ltr'> </span> 
     </span>
    </p>
   </div>
  </div>
 </body>
</html>
