2016 3682
364 310 643 416 PAtJSAmAs.
858 361 902 431 31

87 494 214 567 epillold,
235 515 296 570 quae
317 497 352 552 ad
376 517 407 553 ea
432 497 611 572 pertinebant,
632 517 694 573 quae
717 496 785 556 inter
808 519 903 577 regern

92 571 309 647 Pausaniamque
322 592 512 633 conveneram.
552 574 611 630 Has
626 575 673 631 ille
693 575 792 634 ,literas
812 577 905 652 Epho-

89 647 132 704 ris
144 649 265 709 tradidit.
289 649 353 706 Non
365 649 401 706 est
413 653 616 725 praeteremuda
632 650 675 727 (h)
691 650 809 728 gravitas
820 653 904 710 Lacc-

87 727 287 785 daemoniorum
303 727 436 783 hocloco.
478 726 550 784 Nam
574 747 606 784 ne
629 731 709 804 liujus
729 729 843 803 quidem
864 729 906 786 in·

84 802 166 860 dicio
180 802 286 880 impulsi
300 802 371 872 sunt,
392 822 422 860 ur
438 803 595 861 Pausaniam
620 807 903 877 comprehenderent:

85 898 179 954 neque
208 884 282 954 prins
307 879 361 935 vim
380 880 565 937 adhibendam
590 898 762 954 putaverunt,
783 901 864 957 quam
878 882 906 941 le

88 955 151 1031 ipse
165 955 314 1017 inditdsset.
350 954 443 1030 ltaque
458 956 522 1012 huic
536 955 630 1025 indici,
641 956 709 1031 quid
723 957 780 1016 ficri
793 958 903 1028 vellent,

87 1052 289 1108 preceperunt.
341 1031 446 1090 Fanum
472 1032 594 1108 Neptuni
631 1035 668 1090 est
688 1034 809 1103 Taenari,
831 1038 906 1110 quod

88 1109 196 1167 violare
210 1112 284 1168 nefas
307 1128 403 1184 putant
421 1109 532 1169 Graeci:
554 1114 588 1168 ed
611 1109 657 1169 ille
671 1111 752 1167 index
763 1111 904 1188 confugit.

90 1184 121 1241 in
145 1206 193 1245 ara
214 1186 344 1243 consedit.
384 1186 465 1242 Hanc
484 1189 570 1273 juxta,
591 1188 680 1244 locum
706 1190 828 1245 lecerunt
853 1186 905 1247 sub

90 1282 164 1320 terra
179 1284 281 1350 exquo
303 1261 385 1338 posset
404 1262 502 1328 audiri,
524 1263 540 1318 si
569 1263 629 1338 quis
650 1262 717 1338 quid
744 1264 904 1339 loqueretur

89 1341 286 1415 cum-Argilio.
330 1340 395 1396 Huc
421 1359 454 1396 ex
478 1339 595 1412 Ephoris
622 1341 736 1415 quidam
757 1340 907 1399 descende·

91 1434 162 1478 runt.
215 1417 366 1485 Pausanias,
407 1433 435 1473 ut
460 1414 569 1475 audivit
594 1416 730 1491 Argilium
753 1418 905 1494 confugisse

89 1490 217 1562 inarum,
239 1496 413 1571 perturbatus
435 1495 469 1551 td
491 1494 584 1563 venit,
605 1514 687 1568 quem
713 1502 782 1551 tum
799 1491 904 1569 suppli-

89 1591 149 1628 cem
169 1570 230 1628 'Dei
253 1571 358 1629 videret
386 1571 412 1627 in
438 1590 485 1628 ara
512 1570 662 1638 sedentem,
686 1571 796 1646 quaerit,
817 1570 904 1629 causae

91 1650 160 1724 quid
175 1649 204 1707 sn
226 1667 282 1707 tum
308 1645 451 1723 repentino
464 1648 589 1707 consilio:
612 1645 686 1703 Huic
711 1647 767 1713 ille,
789 1647 906 1721 quidex

92 1725 179 1785 literis
199 1725 377 1802 comperisset.
398 1724 495 1799 aperit.
537 1726 632 1781 Tanto
654 1723 739 1799 inagis
762 1722 905 1782 Pausanias

92 1805 265 1879 perturbatus
288 1822 367 1862 orare
393 1800 487 1877 coepit',
508 1824 539 1859 ne
552 1804 710 1868 enuntiaret,
731 1822 774 1857 net
791 1801 830 1875 se,
852 1823 904 1856 sne-

90 1888 172 1938 ritnm
196 1881 227 1937 de
241 1883 393 1954 illooptimd,
419 1880 545 1951 proderet.
587 1876 667 1954 Qid
684 1878 706 1947 ſs
726 1899 781 1933 earn
795 1881 903 1935 veniam

81 1957 139 2029 fibi
161 1959 275 2034 dedisset,
300 1959 428 2032 carnisque
456 1957 608 2027 implicitum
641 1952 717 2011 rebus
732 1950 904 2030 sublevdffet,

91 2057 136 2093 ma
155 2057 184 2093 no
197 2038 244 2111 effe
255 2039 280 2092 ei
291 2042 413 2103 pramis
419 2035 552 2110 sutorum.
611 2084 614 2089 .

132 2059 206 2169 Par.
229 2111 263 2172 V.
296 2110 347 2171 His
368 2113 450 2171 rebus
475 2108 578 2186 Ephori
603 2107 725 2189 cognitis,
746 2105 827 2164 latius
853 2128 905 2183 pud

91 2207 217 2248 taverunt
245 2188 270 2246 in
306 2191 372 2246 urbe
403 2208 466 2246 eum
495 2185 699 2258 comprehendi.
754 2185 903 2256 Quocum

53 2300 59 2305 -
89 2265 172 2324 essent
199 2266 324 2341 prolefti,
358 2271 383 2323 dt
406 2262 559 2332 Pausanias,
594 2269 700 2337 placato
718 2261 833 2337 Argilio,
860 2263 903 2334 (ur

92 2346 217 2421 putabat)
249 2344 472 2402 Lacedaemonem
505 2359 709 2398 reverteretur:
741 2337 904 2407 in'itinere,

65 2418 152 2479 'cum
168 2423 222 2477 'am
237 2421 263 2476 in
288 2441 321 2477 eo
334 2419 408 2488 essct,
428 2436 455 2476 et
472 2418 762 2492 comprehenderetur,
784 2419 800 2470 ὲ
825 2412 902 2469 vultu

89 2445 231 2574 cujus-lam
259 2494 363 2572 Ephori
403 2496 457 2570 qni¹
485 2516 550 2552 eum
583 2497 732 2549 admonere
765 2488 903 2575 cupiebat,

46 2578 52 2585 '
91 2572 198 2633 insidias
235 2574 281 2631 nti
317 2572 374 2631 lieri
403 2572 546 2629 intellexit.
598 2571 693 2643 ltaqn‘e
727 2585 819 2640 paucis
843 2569 905 2622 ante

90 2655 229 2727 gradihus,
252 2658 336 2727 quim
359 2649 409 2725 qui
433 2648 625 2724 sequebantur,
648 2646 674 2700 in
697 2648 784 2699 aedent
798 2639 903 2699 Miner·

130 2808 173 2883 (st)
208 2808 312 2867 Gratis
345 2805 475 2880 properly
500 2802 615 2878 signifies
648 2800 752 2870 heavy:
785 2800 903 2875 And'as

90 2886 202 2960 Thrngs
216 2884 275 2939 that
295 2904 339 2941 are
359 2885 444 2955 heavy
460 2901 505 2937 are
517 2901 561 2935 not
583 2877 662 2951 easily
676 2876 783 2942 moved,
804 2875 904 2931 thence

89 2963 111 3020 it
127 2984 182 3018 was
193 2959 362 3035 figuratively
374 2959 484 3033 applied
511 2977 538 3012 to
563 2953 626 3010 such
651 2969 737 3035 asara
752 2967 796 3005 not
817 2969 861 3023 apt
876 2968 903 3006 to

89 3040 161 3096 alter
174 3037 246 3092 their
266 3033 404 3107 Purpnle's,
425 3054 456 3090 or
474 3034 544 3089 sortn
569 3029 748 3089 licinianum,
770 3025 818 3099 but
831 3044 903 3100 upon

90 3113 214 3186 weighty
228 3109 444 3169 Confidctntions
456 3138 466 3178 t
487 3111 539 3164 and
561 3102 705 3182 agreeauly
719 3119 746 3158 to
760 3101 814 3159 this
824 3099 904 3162 Sense

86 3192 226 3270 ofgmvis
242 3186 262 3245 is
272 3190 404 3266 grauitas
417 3186 483 3245 herc
499 3181 572 3243 used.
599 3246 601 3249 ,

864 3272 904 3314 vae
