2016 3682
366 254 617 331 pararint.
865 273 923 348 ,μ

83 417 192 479 liceret
200 415 315 494 impone
325 413 433 475 facete:
455 411 596 489 fidemque
611 413 742 487 decore,
762 432 837 473 more
846 412 913 473 Per·

87 496 195 565 sarum,
214 496 310 556 dextra
321 492 449 553 dedisset.
492 489 572 549 Hanc
583 505 614 548 ut
626 482 746 564 accepit,
765 489 869 551 stmulat
883 493 912 553 sc

91 571 236 650 suscepisse
249 591 313 631 cum
326 591 391 648 tege
406 567 582 627 inimicitias:
604 567 697 643 copias
712 587 800 646 parat,
824 570 912 628 &ab-

93 649 165 719 sens,
184 648 332 709 amicitiam
351 669 414 707 cum
438 648 555 705 Datame
569 645 653 704 facit:
676 644 750 723 regis
763 647 914 721 provinciae

95 746 187 799 vexat,
201 727 310 786 casteiia
323 746 396 801 expo
419 745 474 791 nat,
491 744 601 803 magnas
616 725 722 798 praedas
736 724 832 800 capit,
846 746 914 802 qua·

94 824 157 866 rum
170 824 277 883 partem
289 804 345 864 suis
357 803 388 862 di
404 802 486 878 pettit
499 831 508 873 t
521 818 627 877 partem
642 804 676 859 ad
692 801 837 862 Datatnem
851 802 915 862 mit·

93 884 151 953 tit,
171 882 343 960 parimodo,
365 878 507 955 complura
528 876 637 936 castella
660 878 685 936 ei
707 879 801 938 tradit.
844 880 914 939 Hac

95 959 147 1020 diu
159 959 298 1029 faciendo,
320 955 448 1032 persuasit
460 955 575 1026 homini,
595 954 623 1014 se
635 955 768 1016 infinitum
782 958 914 1018 adversus

94 1032 815 1190 sitistisimmisisti*itti?
829 1057 915 1172 33ιῖὲῖ

97 1137 197 1269 quiitm
210 1195 270 1268 ejus
282 1190 389 1268 petivit,
411 1210 499 1266 neque
515 1187 542 1246 in
563 1157 737 1266 conspessum
755 1193 846 1250 venite
860 1193 917 1251 ssu·

97 1270 169 1341 duit,
213 1270 271 1339 Sic,
286 1267 392 1340 absent,
406 1265 556 1327 amicitiam
570 1269 683 1345 gerebat
697 1296 705 1337 t
721 1285 815 1327 utnon
831 1274 915 1329 bene·

97 1348 166 1407 siciit
179 1348 293 1418 mutuis,
314 1346 362 1406 sed
377 1345 443 1404 odio
464 1344 615 1414 communi,
634 1349 712 1421 quod
737 1366 803 1425 erga
818 1367 913 1426 regem

99 1424 281 1504 susceperant,
301 1423 435 1484 contineri
450 1422 619 1483 riderentur.
783 1474 786 1479 .

135 1504 212 1564 Can.
233 1504 282 1562 XI.
324 1505 357 1561 ld
371 1522 434 1560 cum
448 1499 512 1559 satis
534 1498 561 1559 se
584 1499 751 1560 confirmasse
770 1501 918 1566 arbitratus

97 1580 147 1653 est,
168 1580 317 1639 certiorem
334 1578 400 1638 facit
424 1579 580 1650 Datamem,
600 1597 709 1655 tempus
727 1578 779 1639 esse
803 1585 920 1659 majorca

98 1658 235 1723 exercitus
247 1657 349 1736 parari,
372 1655 477 1716 bessum
496 1676 560 1715 cum
584 1653 643 1731 ipso
663 1675 729 1735 tege
743 1656 861 1737 suscipi:
884 1664 922 1723 de

99 1756 158 1813 qua
171 1753 213 1808 re,
232 1735 291 1796 stei
304 1737 456 1805 videretur,
477 1753 535 1813 quo
549 1733 611 1792 loco
625 1733 719 1806 ¹vellet,
740 1734 768 1793 in
782 1738 920 1816 conoqui-

100 1835 148 1875 um
161 1813 275 1874 veniret.
315 1814 487 1882 Promitte,
508 1811 685 1888 colloquendi
706 1829 816 1889 temput
836 1815 921 1878 sumi.

100 1911 159 1964 tur,
181 1890 311 1969 spcusque
333 1913 390 1968 quo
413 1889 614 1950 conveniretur.
657 1889 723 1950 Huc
742 1892 922 1964 Mithridaten

101 1990 167 2028 cum
181 1991 246 2040 uno,
266 1969 312 2032 cui
327 1968 473 2027 maximam
495 1968 614 2027 habebat
628 1967 721 2038 fidem,
742 1988 804 2030 aute
816 1973 923 2050 aliquot

104 2046 264 2122 dictumst,
286 2040 529 2123 compluribusque
554 2045 621 2105 socie
645 2044 791 2123 separatim
813 2049 922 2128 gladios

105 2123 212 2194 obruit,
224 2144 313 2200 eaque
330 2123 390 2181 soca
404 2122 552 2200 diiigenter
563 2142 648 2184 notat.
683 2124 746 2200 ipso
756 2146 849 2188 autem
863 2131 921 2189 cos·

104 2201 133 2263 lo
156 2201 238 2263 uendi
249 2203 306 2274 die,
328 2201 451 2278 utrique,
473 2201 564 2261 iocum
578 2201 627 2280 qui
642 2204 921 2284 explorarent,atque
974 2206 977 2211 ’

55 2334 63 2343 .
105 2222 179 2358 ipius
204 2278 400 2350 scrutarentur,
422 2279 552 2353 mittunt,
581 2280 684 2339 deinde
710 2281 758 2371 ipfi
781 2282 923 2345 suntcon·

105 2359 193 2436 gredi.
235 2358 297 2418 Hic
309 2380 373 2416 cum
385 2356 547 2434 aliquandiu
562 2356 590 2417 in
604 2358 745 2436 colloquio
759 2360 876 2429 fuissent,
897 2368 922 2423 dt

106 2435 207 2494 diversi
221 2434 402 2503 disceffissent,
420 2439 532 2512 jamque
537 2437 643 2573 procul
660 2436 790 2495 Datames
802 2438 902 2499 abesset
914 2472 926 2514 ς

105 2512 296 2586 Mithridates,
317 2511 477 2591 priusquam
488 2517 523 2573 ad
551 2534 600 2575 nur
612 2515 778 2591 perterrita,
793 2537 925 2594 nequam

105 2588 287 2669 suspicionem
313 2609 433 2670 pararet,
454 2590 481 2650 itt
506 2595 625 2652 eundem
651 2592 742 2651 locum
767 2600 927 2669 revertitur,

106 2689 190 2746 atque
205 2670 253 2743 ibi,
274 2671 321 2730 ubi
335 2671 422 2730 tcium
443 2690 503 2729 erat
517 2669 681 2747 impostum,
702 2669 814 2741 resedit,
836 2674 927 2736 utsii

106 2746 258 2808 laffitudsne
272 2767 389 2828 cuperet
400 2745 599 2825 acquiesceret
625 2747 829 2827 Datamemque
845 2772 925 2813 reto.

106 2827 190 2898 cavit,
202 2826 338 2899 fimulam,
352 2825 381 2885 se
394 2826 529 2903 quiddam
541 2824 568 2883 in
583 2824 636 2884 coli
677 2825 723 2885 uio
738 2826 789 2886 esse
799 2829 927 2891 oblitum.

108 2902 220 2966 interim
234 2905 332 2976 telum,
352 2907 429 2980 quod
454 2904 567 2975 latebat,
582 2922 662 2992 ptotu
677 2904 714 2973 it;
739 2909 929 2982 nudatumque

107 2982 214 3061 vagina,
235 2982 310 3042 resse
333 2980 413 3052 texit,
429 3002 464 3040 ac
480 2980 592 3040 Datami
616 2979 736 3040 venienti
758 2981 806 3052 ait,
833 2984 928 3062 digre-

107 3058 231 3119 dientem
244 3058 273 3118 se
288 3058 508 3119 animadvertisse
524 3058 614 3116 locum
629 3061 779 3135 quendam,
800 3060 847 3136 qui
868 3078 928 3123 etat

108 3136 137 3198 in
150 3136 307 3217 conspectu,
318 3141 354 3199 ad
364 3138 450 3198 casira
462 3136 591 3215 ponenda
603 3137 656 3199 esse
671 3135 813 3203 idoneum.
834 3139 928 3217 Quem

868 3228 932 3279 cura
