2016 3682
280 273 685 375 DRATr'lcUS.
843 291 909 362 139

63 438 237 496 ··Praetutanr
262 434 320 494 Ser.
342 433 453 504 Galbae,
475 431 522 509 qui
537 429 654 507 diripuit
670 429 816 489 Lusitanos.
859 431 910 487 Ar-

89 537 145 592 qne
160 517 256 573 borum
279 512 417 571 bellorum
439 513 524 570 duces
539 531 590 566 non
613 507 774 576 nominavit,
795 505 841 566 sed
856 509 909 566 sine

90 591 247 652 nominibus
262 611 303 650 res
326 588 440 648 notavit.
484 587 514 647 ln
538 584 635 645 iisdem
659 584 784 663 exposuit
806 607 865 662 quae
882 587 928 661 in-

89 670 180 752 ltalip,
202 667 397 748 Hispaniisque
420 666 582 727 viderentur
603 663 785 735 admiranda,
807 662 835 721 in
849 665 911 740 qui·

90 749 145 806 bus
165 748 250 806 inulta
275 738 406 825 industria
433 750 457 802 tr
485 744 630 820 diligentia
655 762 805 820 comparet,
826 743 912 801 multa

90 825 224 885 doelrina.
276 825 368 900 Hujus
391 827 427 881 de
451 821 505 880 vita
529 828 554 879 dc
581 821 702 878 moribus
728 821 807 899 plura
832 819 859 877 in
878 840 912 878 eo

89 905 169 973 libro,
178 900 338 978 persequuti
362 899 464 972 sumus,
484 921 567 977 quem
589 899 733 973 separatim
748 903 784 958 de
798 918 830 957 eo
844 897 910 957 seci-

92 991 156 1037 nrus'
175 1000 272 1058 rogatu
298 978 358 1037 Titi
380 978 522 1055 Pomponii
539 976 648 1048 Anici,
671 998 758 1054 quare
779 974 911 1036 studiosos

89 1057 204 1117 Catonis
216 1061 253 1116 ad
267 1057 337 1116 illud
353 1057 481 1118 volumen
495 1055 666 1136 delegamus.

367 1210 649 1234 m

441 1314 555 1382 XXV.

94 1475 138 1550 Τ.
159 1480 357 1549 Ponronn
381 1475 534 1641 App-rer
555 1468 648 1559 Vita,
675 1497 714 1543 ex
732 1475 914 1550 Cornelio

465 1587 586 1664 epotc.

359 1722 361 1727 ’
465 1746 523 1787 nr.
541 1726 565 1786 Ι.
860 1772 864 1777 -

190 1826 414 1889 nonnonrus
430 1728 612 1896 eslTlcUS,
632 1826 669 1885 ab
686 1827 729 1904 (a)
751 1829 858 1908 origine
879 1833 919 1911 (r)

159 1924 171 1990 ζ
195 1910 294 1969 ultima
307 1905 397 1981 stirpis
417 1904 547 1962 Rornanae
568 1923 723 1983 generatur,
745 1914 917 1986 perpetudd

93 1988 244 2065 majoribus
257 2003 398 2060 acceptato
421 1983 576 2059 equeslrem
599 1983 718 2043 obtinuit
741 1986 916 2066 dignitatem.

94 2067 177 2124 Patre
188 2063 253 2123 usus
264 2061 303 2119 ell
317 2060 462 2138 diligente,
483 2059 656 2140 indulgente,
677 2067 712 2134 δι,
727 2082 756 2122 ut
771 2078 829 2123 tum
841 2086 918 2129 erant

96 2161 231 2220 tempora,
252 2138 316 2209 diti,
337 2136 526 2216 imprimisque
540 2138 661 2198 studioso
676 2139 837 2203 literarum:
861 2146 916 2220 nic,

95 2239 178 2299 prout
195 2219 251 2297 ipse
265 2218 373 2276 ornabat
387 2216 489 2288 literas,
511 2217 636 2278 omnibus
650 2219 789 2292 dodlrinis,
817 2222 917 2298 quibus

95 2297 210 2376 puerilis
225 2315 289 2356 aetas
304 2294 440 2373 impertiri
455 2295 549 2365 debet,
576 2296 661 2356 filium
677 2299 806 2357 erudivit.
850 2300 916 2361 Erat

95 2395 188 2436 autent
202 2377 231 2432 in
245 2392 342 2450 puero,
362 2389 463 2450 praeter
476 2373 648 2434 docilitatem
675 2374 787 2453 ingenii,
812 2374 952 2481 summus

96 2452 214 2512 suavitas
235 2450 290 2508 oris
310 2470 343 2508 nc
358 2449 440 2520 vocis,
461 2470 564 2510 utnon
585 2449 672 2521 solutu
698 2452 827 2512 celeriter
840 2457 916 2513 acei-

96 2547 185 2610 peret,
206 2550 267 2606 quae
281 2529 470 2599 tradebantur,
492 2527 539 2588 sed
563 2530 646 2587 etiarn
667 2531 835 2590 excellenter
850 2552 914 2610 pro·

95 2608 240 2670 nunciaret
264 2631 271 2668 ε
285 2627 340 2684 qua
354 2627 389 2669 ex
404 2606 483 2681 re‚·in
497 2608 617 2686 pueritia
630 2607 729 2666 nobilis
742 2608 811 2669 inter
825 2631 916 2690 aequa-

880 2689 921 2751 les

137 2845 191 2917 (a)
212 2845 304 2922 Origo,
325 2863 340 2901 a
355 2842 438 2901 Stoclr
450 2862 482 2900 or
495 2842 561 2921 Top
573 2840 757 2921 osNobiliry,
773 2844 888 2906 whence
902 2867 917 2907 a

95 2920 204 2999 Family
218 2923 239 2981 is
254 2920 421 2981 descended.

53 3005 56 3010 '
136 2999 189 3074 (b)
198 3002 326 3076 Ultimus,
337 3001 385 3058 the
399 2997 448 3056 lust
461 3027 470 3070 ;
486 2992 537 3056 bns
548 2999 614 3057 here
628 2997 772 3086 itsrgnisres
784 3000 833 3058 the
844 2998 914 3062 first:

96 3077 159 3135 And
175 3079 194 3135 it
209 3099 271 3154 may
285 3075 358 3136 seem
383 3075 535 3134 somewbat
557 3077 664 3153 strange
687 3093 707 3132 it
732 3074 829 3134 should
845 3079 917 3140 have

96 3154 163 3212 such
190 3176 205 3211 a
231 3153 426 3233 signification,
449 3163 524 3212 were
550 3153 571 3211 it
597 3171 644 3212 nor
670 3153 730 3210 rhat
756 3154 839 3214 other
860 3158 919 3216 An·

96 3234 172 3292 thors
185 3233 217 3292 os
224 3235 272 3294 tne
286 3232 427 3312 Augustcn
443 3233 503 3310 Age
517 3227 584 3291 used
600 3231 621 3291 it
635 3229 662 3290 in
676 3232 724 3290 tlte
738 3229 811 3294 satne
825 3233 917 3294 Sense.

766 3348 769 3353 >
836 3312 920 3371 Thus
