2016 3682
280 263 705 343 fratruum.
778 301 780 304 ⁴
840 287 904 358 141

84 470 187 530 praeter
202 449 387 530 (liguriam,
408 470 469 526 quae
481 452 536 528 jam
551 449 577 507 in
592 447 797 508 adolescentulo
811 470 910 529 magna

85 550 156 602 erat,
189 531 261 611 saepe
293 528 349 589 suis
375 529 474 606 opibus
501 528 619 606 inopiam
646 548 741 586 eorum
770 529 908 602 publicam

87 609 207 668 leuauit:
230 617 290 669 ethin
311 609 383 668 enim
404 607 441 683 (t)
461 605 600 669 versuram
619 607 711 665 facere
731 606 842 682 publiea
861 628 909 665 oe·

88 687 157 746 celle
171 687 242 757 ulier,-
264 708 352 787 negot
363 690 421 764 ejus
432 684 617 744 conditionem
632 705 738 760 aequam
754 685 884 742 haberent
899 714 907 755 t

88 763 195 841 semper
216 765 243 823 se
269 765 440 840 interposuit,
461 781 543 839 atque
568 763 615 832 ita,
639 782 667 819 ut
690 783 778 838 neque
800 762 909 821 usuram

68 844 208 918 'unquam
230 845 266 900 ab
283 842 316 899 iit
336 838 483 919 acceperit,
505 859 595 916 neque
614 839 731 916 longius,
752 847 835 916 qoam
852 840 912 898 die·

87 937 147 988 tum
163 919 236 990 esset,
251 940 296 978 eos
310 920 412 979 debere
423 917 509 995 pallus
523 918 562 976 stt.
597 918 681 989 Quod
694 935 840 994 utrumque
851 935 910 976 etat

40 1033 41 1038 =
88 995 122 1054 iis
147 995 284 1058 salutare:
318 1018 379 1055 nam
401 1017 491 1073 neque
515 996 690 1071 indulgendo
712 995 911 1054 inveterascere

86 1093 183 1133 eorum
203 1096 238 1133 aes
258 1076 377 1134 alienum
400 1076 563 1150 patiebatur,
585 1094 675 1150 neque
694 1074 912 1150 multiplicandis

88 1150 178 1210 usuris
197 1152 332 1213 crescere.
387 1155 472 1212 Auxit
495 1156 549 1209 hoe
569 1152 687 1210 officium
716 1151 777 1209 ulia·
801 1172 911 1229 qouque

88 1227 275 1292 liberalitate:
297 1252 358 1288 nam
380 1229 519 1292 universus
535 1231 672 1288 frumento
686 1231 807 1300 donauit,
830 1232 913 1288 itaut

87 1305 199 1384 singulis
223 1306 326 1382 septem
354 1311 438 1368 modii
467 1307 551 1366 tritici
578 1311 720 1379 darentur,
744 1306 791 1383 qui
813 1310 914 1366 modun

85 1382 220 1445 mensurae
234 1387 388 1445 Medimnus
402 1386 517 1445 Athenis
530 1384 694 1462 appellatur,
708 1453 710 1459 Α
770 1456 773 1463 ,

49 1506 55 1515 .
126 1462 201 1525 Cur.
231 1463 282 1522 111.
315 1462 372 1521 Hic
398 1483 489 1524 autem
516 1462 550 1520 stc
576 1462 603 1521 se
628 1462 750 1538 gerebat,
786 1479 815 1522 ut
837 1479 926 1519 τοττι·Ι

87 1539 178 1600 munis
191 1540 298 1611 infimis,
322 1560 371 1617 par
384 1540 565 1618 principibus.
579 1539 722 1600 videretur
738 1570 745 1613 3
773 1561 828 1618 qno
842 1542 912 1599 ¹fac·

87 1635 145 1677 tum
167 1619 215 1690 est,
238 1635 266 1678 ut
289 1619 354 1677 huic
374 1635 466 1678 omnes
481 1621 605 1689 honoret,
627 1639 695 1695 quos
709 1619 819 1694 pulsent,
841 1618 913 1695 pub·

91 1692 147 1753 lice
161 1695 311 1764 haberent„
332 1696 478 1776 civemque
499 1698 592 1756 faeere
611 1695 772 1769 studerent;
794 1705 849 1774 quo
864 1698 913 1755 be·

92 1769 188 1830 nefitio
208 1772 255 1832 ille
269 1774 314 1834 ⁴uti
336 1775 445 1837 noluit:
477 1778 550 1852 quod
574 1774 697 1832 nonnulli
721 1774 756 1831 ita
780 1778 914 1850 interpre-

90 1865 190 1918 tantur,
236 1852 326 1912 amitti
366 1853 503 1912 civitatem
544 1853 694 1910 Romanum
731 1850 786 1909 ulit
819 1851 911 1913 ascita

89 1926 231 1994 Quamdiu
244 1929 331 2000 affuit,
348 1951 381 1990 ne
393 1953 448 2006 qua
460 1931 505 1988 sthi
521 1930 606 1988 statua
622 1949 778 2006 poneretur,
794 1929 911 2000 rtllitit;

87 2003 184 2062 absens
208 2007 356 2080 prohibere
383 2029 435 2079 non
463 2009 572 2082 potuit:
607 2009 699 2084 itaque
723 2009 829 2086 aliquot
853 2007 911 2085 ipfi,

88 2084 114 2168 ᾇ
135 2081 253 2154 Phidiae,
281 2084 347 2142 lucis
372 2085 536 2147 saottssffintis
558 2083 724 2162 posuerunt,
750 2091 821 2144 hunc
838 2089 912 2144 enim

89 2176 117 2213 tn
134 2159 210 2217 omni
234 2165 426 2239 procuratione
458 2165 526 2242 reip.
560 2166 689 2233 achonem,
717 2168 914 2240 aufiluremque

89 2235 235 2324 habebant.
272 2241 358 2318 igitur
370 2242 489 2320 primum
504 2245 575 2302 illud
590 2245 821 2310 tnuousfortunae,
836 2244 932 2318 qutil¹

87 2333 115 2371 1n
140 2336 171 2373 ta
194 2319 356 2391 potiffimum
380 2323 448 2380 urbe
470 2343 547 2381 nutus
562 2321 609 2390 est,
632 2320 657 2377 in
673 2341 727 2395 qua
742 2320 913 2391 domicilium

89 2391 163 2448 orbis
181 2412 318 2454 terrarum
339 2395 402 2458 ellet
422 2400 542 2476 imperii,
564 2417 593 2454 ut
614 2401 730 2456 eandem
753 2403 776 2476 §a
797 2396 914 2473 patriam

88 2467 214 2542 habetet,
235 2476 408 2536 &domume
429 2480 481 2536 hoc
501 2475 638 2555 specimen
653 2475 815 2550 prudentiae,
837 2475 913 2551 quod

87 2552 149 2604 cum
174 2546 201 2607 in
226 2571 286 2609 eam
311 2553 450 2614 civitatem
474 2554 502 2614 se
525 2553 688 2624 contulliset,¹
712 2574 773 2630 quae
795 2552 918 2629 antiqui·

102 2719 105 2725 ·
129 2688 184 2761 (d)
209 2689 247 2766 By
268 2695 364 2767 gratia
380 2691 401 2749 i's
424 2694 489 2750 here
512 2707 602 2749 meunt
617 2692 664 2750 the
679 2691 791 2753 Interest
807 2694 842 2752 he
858 2691 917 2751 hau

91 2767 214 2843 amongst
239 2767 343 2827 several
368 2771 400 2830 ol
414 2772 460 2828 tlte
484 2769 601 2846 leading,
619 2791 680 2827 men
701 2788 728 2828 at
749 2771 847 2843 Rome,
877 2770 913 2847 by

92 2843 184 2902 which
207 2845 242 2903 he
266 2865 323 2903 was
346 2846 379 2908 in,
395 2868 409 2904 a
423 2847 573 2909 condition
594 2849 626 2906 of
642 2847 750 2927 serving
764 2847 812 2906 the
828 2850 914 2919 Athe·

59 2948 66 2958 ,
88 2921 164 2980 nians
179 2920 282 2981 several
298 2923 394 3000 Ways.

55 3040 57 3045 -
127 3003 177 3071 (e)
191 2999 308 3076 Versum
331 3002 445 3080 fignifies
466 3002 624 3082 botronting
637 3003 669 3060 of
689 3023 740 3061 one
756 3021 827 3077 upon
842 3002 913 3061 lote-

88 3075 142 3163 rel}
162 3093 190 3134 tu
211 3098 264 3154 pay
285 3084 409 3156 another,
432 3080 524 3142 which
547 3087 643 3144 hat-no
659 3080 752 3140 Wurd
765 3099 793 3138 to
808 3078 914 3142 anlwet

53 3229 61 3238 ,
89 3153 388 3237 itmourluanguage.

848 3253 915 3311 tate,
