2016 3682
389 213 674 355 nonnitus
847 281 913 357 103

83 435 105 495 ss
130 431 217 510 copia
240 429 293 490 sua
307 428 474 519 cognossent,
496 422 717 499 adversusquos
737 423 914 495 ducerentur,

87 517 146 571 non
166 512 250 570 modo
271 524 323 567 non
345 527 443 576 iturus,
465 502 512 564 fed
535 503 612 562 simul
626 522 691 562 cum
705 499 804 561 nuntio
822 501 916 637 dilap-

88 590 181 652 futas:
209 590 301 666 itaque
323 590 376 645 hoc
397 589 456 662 ejus
477 584 530 642 fuit
553 579 789 659 prudentiffimum
811 579 878 639 const
894 581 916 638 i·

91 688 151 740 um,
182 686 212 728 ut
231 666 319 727 deviis
341 663 485 722 itineribus
505 659 606 719 milites
626 662 753 728 duceret,
776 658 802 715 in
814 658 917 794 puibus

92 768 158 811 vera
179 746 276 805 audire
297 765 348 803 oon
364 742 485 820 poss'eot;
506 744 532 796 ἃ
548 738 589 796 his
602 736 792 815 persuaderet,
826 757 918 797 econ·

88 844 130 889 tta
151 822 287 901 quosdam
308 824 441 880 barbaros
455 815 611 896 profiscisci.
654 815 749 892 ltaque
763 815 853 875 tenuit
867 818 919 873 hoc

90 902 274 981 propositum,
291 905 317 958 u
332 899 408 974 prius
421 894 549 954 inuelem
564 893 714 954 exercitum
728 895 833 967 eduxit,
848 914 920 971 prae.

90 983 219 1057 liumque
241 972 383 1045 commilic
412 983 496 1053 qudm'
523 973 625 1032 milites
641 970 692 1032 lui
718 968 826 1046 seirent,
855 994 920 1033 cum

92 1059 194 1138 quibus
217 1078 293 1117 arma
317 1054 483 1115 conferrent.
524 1051 622 1110 Effecit
645 1050 728 1112 etiam
750 1050 820 1111 illud
847 1053 921 1111 loco·

93 1160 158 1198 rum
180 1133 428 1213 praeoccupatione,
449 1150 481 1191 ut
503 1131 629 1227 equitatu
655 1129 745 1206 potius
765 1128 922 1204 dimicaret,

95 1236 154 1293 quo
174 1215 236 1291 plus
251 1212 471 1287 ualebat,›qudm
492 1209 628 1287 peditatu,
648 1229 704 1284 quo
717 1227 776 1269 erat
790 1209 922 1269 deterior.

138 1293 217 1352 Cau.
232 1291 283 1350 lV.
304 1291 447 1365 'Quorum
468 1287 605 1348 acerrimo
618 1285 751 1347 concursu
764 1294 826 1347 cum
847 1298 924 1368 ma'g·

100 1393 166 1431 narn
194 1388 298 1448 partem
323 1365 382 1428 diei
407 1366 471 1427 ellet
495 1384 657 1444 pumicum,
692 1365 768 1424 cadit
793 1367 924 1429 Craterus

101 1453 168 1521 dur,
182 1447 215 1508 'dt
234 1446 446 1525 Neoptolemus,
468 1443 518 1522 qui
534 1387 686 1504 iocundum
708 1443 799 1504 locum
813 1444 922 1523 imperii

98 1528 219 1604 tenebat.
263 1527 336 1586 Cum
363 1528 417 1583 hoc
440 1523 580 1583 concurrit
607 1520 666 1601 ipse
687 1524 843 1597 Eumenes;
864 1527 923 1604 qui,

97 1614 163 1666 tum
172 1605 252 1683 ⁴intet'
265 1603 293 1664 le
304 1602 452 1682 complexi,
468 1608 607 1661 interram
618 1623 652 1661 ex
663 1602 741 1679 equis
752 1602 925 1681 decidissent,

99 1703 133 1745 ut
155 1683 241 1744 facile
260 1682 379 1762 intelligi
404 1681 487 1760 pollet
510 1680 612 1747 inimtd
633 1701 723 1742 mente
747 1684 924 1760 comendill'e,

102 1762 250 1839 animoque
283 1762 368 1841 magis
395 1760 479 1820 etiam
506 1758 645 1837 pugudffe,
677 1767 761 1838 quam
788 1783 925 1840 corpore,

102 1861 157 1903 non
184 1841 260 1918 prius
273 1838 396 1899 distracti
416 1837 489 1911 sunt,
508 1859 593 1915 quam
613 1836 732 1913 alterum
752 1839 842 1900 anima
862 1840 927 1906 reli.

101 1920 208 1997 querit.
250 1920 296 1978 Ab
323 1919 375 1976 hoc
397 1916 503 1995 aliquot
525 1916 613 2052 plapis
638 1917 774 1978 Eumenes
800 1920 928 1997 vulnera.

102 2015 166 2057 tur:
188 2017 282 2074 nequa
301 1999 337 2054 ed
357 1995 442 2131 mappa
463 2016 497 2057 ex
517 2015 573 2074 prae
587 1994 613 2054 io
633 1995 749 2070 excellit,
772 1997 817 2060 sed
839 2003 928 2081 acrius

50 2125 56 2131 .
100 2074 230 2137 hostibus
255 2073 358 2146 institit.
433 2072 466 2144 ic,
495 2073 638 2152 equitibus
661 2075 822 2157 profligatis,
845 2083 928 2146 inter-

106 2153 182 2211 feEo
201 2155 274 2213 duce
286 2152 410 2221 Cratero,
427 2152 526 2217 ‚multis
547 2173 689 2230 praeterea,
711 2159 869 2220 &unanime
881 2188 931 2227 no·

106 2229 220 2304 bilibus,
232 2231 348 2310 captis,
369 2230 497 2310 pedester
517 2233 664 2303 exercitus,
684 2237 760 2311 quod
783 2239 810 2303 in
824 2261 856 2300 ea
870 2244 931 2307 loca

103 2330 173 2387 erat
190 2313 391 2384 dedudlus,.ut
416 2311 504 2370 invito
525 2309 647 2372 Eumene
668 2314 741 2372 elabi
762 2337 815 2376 non
835 2324 932 2409 pulset,

104 2408 203 2465 pacem
223 2391 259 2447 ab
280 2409 313 2446 eo
334 2387 435 2464 pediu
455 2411 538 2466 quam
554 2397 625 2453 curn,
638 2389 812 2470 impetrasset,
829 2388 861 2456 ¹m
877 2402 931 2465 fide

108 2484 163 2523 non
183 2465 287 2534 maalle,
308 2470 332 2525 dr
354 2465 392 2537 le,
413 2466 489 2526 fimul
512 2489 545 2526 ac
564 2468 665 2544 potuit,
690 2475 725 2528 ad
753 2473 930 2554 Antipatrum

107 2544 233 2620 recepit(
264 2543 401 2604 Eumenes
432 2546 589 2619 Craterum,
623 2568 658 2607 ex
683 2548 743 2608 acie
770 2551 932 2621 sentivivum

106 2623 211 2682 elatum
238 2643 365 2684 recreare
391 2624 510 2685 studuit:
545 2633 608 2684 cum
634 2626 662 2684 id
684 2649 736 2697 nou
759 2632 850 2706 pollet,
881 2659 930 2716 pro

57 2708 60 2713 '
108 2700 388 2780 hominisdignitate,
399 2725 504 2782 proque
526 2704 638 2780 pristina
659 2706 781 2764 amicitid
801 2711 933 2792 (namque

108 2778 158 2837 illo
179 2779 330 2854 cluserat,
352 2783 512 2845 Alexandro
534 2781 608 2867 vivo,
634 2780 821 2866 fatniliatiter)
840 2797 933 2870 arnplo

108 2937 215 3013 (which
236 2938 394 3017 commonly
408 2961 523 3016 governs
548 2936 750 3011 rheumatica,
772 2949 825 3004 and
848 2944 935 3010 some·

107 3018 189 3077 times
209 3019 257 3076 tlte
277 3018 423 3091 Genitivc)
443 3021 511 3078 with
534 3021 581 3080 tlte
604 3016 786 3095 accusative,
808 3046 836 3082 as
850 3027 935 3088 Taci-

109 3111 163 3163 tus,
185 3098 237 3153 An.
262 3115 308 3165 11,
334 3115 377 3165 ro,
400 3099 427 3157 8.
448 3096 516 3173 Just.
537 3097 565 3170 6,
587 3114 616 3172 4,
638 3101 665 3154 8.
889 3111 892 3114 ’

152 3173 189 3246 (e)
209 3174 288 3231 Some
309 3174 380 3232 after
395 3176 530 3250 Eumenes,
552 3180 607 3237 add
625 3179 722 3253 igitar,
744 3174 762 3238 i.
776 3199 800 3245 e.
817 3186 933 3265 inquam,

79 3317 81 3321 7
109 3248 477 3329 occotdingroiambinus.
513 3263 521 3271 ’
568 3270 576 3281 ‘

839 3344 938 3405 luttere

925 3506 957 3619 *l
