2016 3682
85 265 133 355 78
285 263 481 341 Coronatur
507 269 704 342 Neronis.

89 420 272 491 discederete
293 424 370 497 qudd
385 443 526 502 nunqnam
550 442 661 483 manum
672 416 845 496 consereret,
866 425 914 486 nid

89 509 153 559 tutu
173 497 346 559 aduersarios
367 501 491 563 iocorum
511 500 642 580 angustiis
658 499 813 564 clantiiiset:
834 510 928 582 quod·

91 576 702 733 sitssiiisssszs.ss¹¹{sitiisse
713 577 836 736 iiii?
836 583 882 719 ‘1³5¹
886 603 918 721 ἓξ

91 734 259 804 calamitate,
281 740 366 811 quern
380 730 612 804 aduersariorum,
632 734 751 806 uideret,
763 739 799 794 ad
816 682 937 813 pateant·

92 813 299 971 angititiaotge
314 810 489 881 dorttueest,
511 829 542 872 ut
564 832 628 871 eum
652 831 718 891 rege
744 813 772 871 in
796 815 935 897 gratiani¹

90 909 121 951 tt
144 911 206 951 tter.

93 988 156 1029 tuen
168 968 356 1031 conditionem
369 967 496 1053 accepit,
517 965 602 1043 seque
615 969 651 1025 ad
666 967 852 1030 Artaxerxem
873 971 913 1032 le·

93 1065 172 1121 gatos
183 1047 324 1109 missurum
338 1043 418 1107 dixit.
459 1045 504 1104 Sic
516 1044 632 1115 belluni,
653 1049 729 1122 quod
746 1066 795 1105 rex
816 1051 912 1109 adaer-

93 1123 139 1186 sus
161 1125 309 1188 Datameut
328 1121 496 1202 susceperat,
516 1120 666 1195 sedatum:
687 1125 913 1203 Autophradaten

44 1253 47 1265 .
94 1202 326 1284 ioPhrygiantse
341 1201 457 1280 recepit.

133 1283 211 1343 Can.
235 1283 284 1344 iX.
312 1281 351 1340 At
373 1299 432 1350 rex,
462 1281 538 1357 qudd
567 1277 746 1356 implacabile
767 1282 863 1342 odium
884 1280 914 1341 iu

95 1358 242 1423 Dataniern
265 1357 432 1436 susceperat,
454 1359 596 1434 postquam
620 1357 696 1416 bellu
713 1363 779 1418 eitrn
791 1357 912 1438 opprimi

93 1459 148 1497 non
169 1440 242 1515 posse
261 1436 466 1509 animaduertit,
488 1435 588 1495 insidiis
611 1434 766 1496 interficere
786 1437 891 1496 studuit
902 1466 914 1510 g

93 1537 164 1592 quaa
177 1517 226 1579 isse
242 1511 392 1595 ,plerasque
414 1512 520 1573 vitavit.
563 1514 649 1584 Sicut,
668 1521 731 1573 etim
754 1513 916 1575 nunciatum

94 1594 159 1653 esset
172 1595 309 1671 quosdam
331 1590 380 1651 sibi
404 1590 536 1664 insidiari,
556 1591 606 1669 qui
630 1591 658 1650 iu
671 1591 824 1653 amicorum
836 1598 916 1653 etant

95 1693 210 1731 nurnero
223 1703 233 1747 ς
253 1676 290 1733 de
303 1669 413 1748 quibui,
434 1672 510 1746 qutid
523 1669 628 1729 iuitnici
640 1669 809 1741 detulerant,
824 1691 915 1747 neque

94 1751 277 1824 credendum,
297 1767 387 1826 neque
413 1746 613 1826 negligendum
634 1747 764 1824 putavit,
791 1747 916 1826 experiri

94 1826 193 1894 voluit.
224 1849 320 1891 vetum
345 1823 479 1885 falsumne
504 1825 569 1885 esset
590 1824 717 1885 relatum.
761 1826 857 1904 ltaque
881 1847 917 1888 eo

95 1905 296 1979 profectores,
317 1924 372 1982 quo
394 1903 493 1962 itinere
515 1904 619 1962 suturae
646 1902 755 1963 insidias
775 1905 914 1965 dixerant.

95 1984 148 2042 Sed
163 1983 248 2062 elegit
272 2001 388 2058 corpore
410 1986 437 2038 te
457 1981 558 2041 staturd
571 1981 736 2041 simillimum
758 1979 810 2053 soi,
830 1983 915 2058 eique

95 2062 222 2120 vestitum
246 2059 323 2119 suurn
344 2058 434 2125 dedit,
456 2079 538 2136 atque
561 2080 597 2121 eo
617 2059 678 2117 ioco
702 2060 753 2128 ire,
773 2081 830 2137 quo
854 2057 916 2137 ipse

95 2138 282 2208 consueverat,
301 2137 390 2214 jussit:
414 2133 472 2211 ipse
492 2155 594 2209 autent,
615 2154 712 2208 ornatu
736 2139 917 2217 [vestituque]

96 2217 222 2285 militari,
244 2215 316 2279 inter
339 2211 462 2289 corporis
487 2214 612 2275 custodes
633 2214 686 2274 iter
713 2216 806 2277 facete
820 2215 916 2295 erupit.

97 2295 146 2355 At·
162 2293 342 2361 insidiatores,
377 2291 519 2368 postquam
547 2291 574 2351 in
602 2314 664 2355 turn
692 2293 784 2354 iocum
817 2296 918 2374 agmen

98 2372 235 2450 pervenit,
256 2369 366 2448 decepti
388 2371 487 2427 ordine
501 2389 584 2448 atque
599 2371 707 2442 vestitu,
730 2372 757 2430 in
770 2393 836 2432 eutn
849 2370 916 2432 saei·

93 2471 152 2591 {¹:23
163 2451 222 2590 ³1:¹35
223 2449 376 2588 ‘silis‘
392 2446 642 2604 issisti&
666 2450 852 2588 ditiis?
870 2470 919 2575 ⁸¹¹3

97 2610 151 2668 nati
175 2609 259 2667 essent
284 2572 385 2676 faceri,
406 2606 495 2680 quod.
508 2605 596 2682 ipsum
613 2603 751 2666 vidissent.
787 2549 917 2685 'lpsnpiit

96 2704 288 2747 concurrentet
310 2682 474 2743 insidiatoris
499 2683 703 2753 animadvertit,
733 2683 791 2744 teia
817 2685 845 2744 in
872 2704 919 2743 eoa

96 2763 230 2842 conjecit,
266 2763 318 2835 hoc
344 2761 420 2822 idern
442 2782 505 2819 curn
527 2761 643 2822 uniuersi
664 2759 798 2835 fecissent,
829 2760 918 2839 prius·

92 2852 180 2921 ,quain
196 2840 372 2921 pervenirent
386 2842 422 2899 ad
445 2859 518 2921 tum,
539 2857 622 2918 quem
641 2839 759 2919 aggredi
775 2840 917 2913 volebant,

75 2935 77 2940 '
95 2921 192 2983 confixi
207 2919 376 2980 cecideruut.
914 2968 916 2975 ,

134 3003 210 3061 Cin.
232 2999 266 3058 X.
309 2995 367 3057 Hic
388 3014 479 3054 tamen
507 3011 563 3054 tarn
587 2993 704 3053 callidus
726 2993 771 3053 vir
793 3013 920 3055 extremo

95 3089 223 3156 temporex
244 3093 339 3156 captur
363 3072 401 3133 est
429 3071 612 3145 Mithridatis,
635 3071 835 3131 Ariobarzanis
856 3070 921 3146 fisii,

96 3157 181 3228 dolo,
204 3175 320 3233 uanique
335 3152 359 3211 ia
370 3150 508 3228 pollicitus
523 3150 563 3210 est
577 3148 647 3229 regi,
668 3147 696 3208 se
710 3169 772 3208 eum
787 3150 920 3210 interfec-

95 3253 198 3310 turum,
227 3231 296 3292 snei
325 3249 375 3290 tex
400 3229 581 3307 permitteret,
614 3229 797 3306 quodcunque
819 3228 918 3363 lvellet,

832 3323 919 3368 iceret

279 911 342 955 uatn
355 889 404 955 iiie
416 889 462 950 etsi
475 889 557 950 fidant
572 910 623 947 non
638 889 696 949 sore
721 892 849 966 putabat,
871 911 913 953 ta·
