2016 3682
138 333 185 406 34
277 394 281 401 ¹
333 317 523 386 Conuenit
550 318 740 389 Naeorts.

132 469 185 528 lem
211 466 393 527 conditionem
420 468 619 547 aspernaretur,
640 470 765 547 Elpinice
787 473 901 548 negauit
919 470 948 531 fe

131 545 263 637 paffuratn
289 545 427 603 Miltiadis
451 549 609 624 progeniem
635 548 662 604 in
689 548 805 606 vinculis
826 549 950 623 publicis

130 622 253 693 interire,
279 622 406 697 quoniam
434 625 581 696 prohibere
604 625 684 698 posset
698 654 707 693 ;
740 625 822 701 seque
847 625 953 683 Calliae

128 716 285 774 nupturam,
301 698 319 755 st
333 719 373 767 ea,
398 697 585 774 polliceretur,
607 701 774 774 prestitisset.

168 777 241 835 Cae'.
264 775 298 835 ll.
337 776 405 833 Tali
436 779 518 834 modo
542 778 665 835 custodia
689 778 818 837 liberatus
844 777 947 837 Cimon

129 852 257 911 celeriter
279 856 313 909 ad
337 853 424 926 princi
447 872 520 910 atum
546 853 678 928 pervenit.
720 855 851 912 Habebat
870 856 948 913 enirn

128 928 191 987 satir
215 928 386 1004 eloquentiae,
422 873 552 987 luminant
582 929 784 999 liberalitatem,
817 951 947 1007 magnam

128 1005 302 1082 prudentiam
334 1012 394 1062 ctlm
417 1006 487 1082 juris
513 1006 612 1072 civilis,
643 1026 700 1062 turn
733 1007 772 1063 tei
807 1008 952 1077 militaris,

127 1085 202 1157 quod
224 1102 285 1139 cum
305 1100 382 1154 patre
402 1088 518 1156 alpueto
533 1082 558 1139 in
573 1081 694 1139 exercitu
708 1083 797 1140 fuerat
813 1082 946 1141 versatus.

126 1156 222 1234 ltaque
237 1156 282 1215 ltic
302 1164 327 1216 δι
347 1159 479 1234 populum
495 1159 628 1216 urbanum
643 1158 669 1214 in
685 1157 731 1216 lua
751 1159 838 1216 tenuit
852 1157 947 1233 potes·

126 1238 241 1307 tate,.&
266 1237 340 1310 apud
361 1235 512 1294 exercitum
538 1235 687 1310 plurimum
713 1234 799 1292 valuit
824 1236 947 1292 austori-

79 1328 82 1333 ’
127 1328 192 1371 tate.
234 1311 356 1369 Primum
385 1307 533 1386 imperator
562 1314 635 1386 apud
668 1310 767 1369 flumen
799 1311 946 1386 Strymona

127 1407 239 1476 magnas
262 1387 354 1463 copias
374 1386 517 1446 'I'hracum
539 1387 654 1465 fugavit,
677 1388 811 1463 oppidum
825 1389 946 1462 Amphi·

128 1466 216 1538 polim
243 1462 388 1523 constituit.
409 1467 499 1539 toque
518 1467 614 1523 decem
635 1463 723 1521 millia
742 1465 972 1524 Athenienfiunt·

124 1540 154 1599 in
180 1540 315 1599 coloniam
341 1539 418 1597 rnifit.
471 1541 674 1605 Identiterutn
701 1544 775 1618 apud
803 1540 946 1617 Mycalen,

83 1670 85 1677 ,
123 1616 290 1695 Cypriorum
312 1620 338 1674 δι
360 1615 520 1674 Plroenieum
544 1620 722 1676 ducentarum
745 1614 853 1674 navium
874 1616 945 1673 clas·

123 1692 180 1752 sem
199 1694 335 1752 deridunt
356 1694 448 1769 cepit;
470 1696 624 1769 eodemque
645 1694 691 1750 die
711 1694 768 1769 pari
783 1695 893 1752 fortuna
917 1698 946 1752 in

125 1786 199 1828 terra
228 1768 293 1829 usus
325 1769 371 1827 cll.
413 1769 541 1844 Namque
568 1769 683 1826 bulliunt
710 1770 821 1827 navibus
846 1770 944 1846 captis,

125 1844 214 1904 llntitn
235 1866 269 1904 ux
289 1845 367 1905 clalle
381 1846 473 1921 copias
487 1846 546 1904 suar
569 1842 675 1914 eduxit,
699 1847 874 1903 barbatorum
890 1867 952 1904 uno-

123 1921 257 1981 eoucutlu
286 1923 429 1979 maximam
459 1922 511 1980 tim
534 1921 686 1996 prostravit.
728 1922 793 1988 Qut
819 1923 943 1994 uictoria,

125 2004 225 2075 uragnd
253 2001 346 2075 preda
375 1998 485 2073 potitus,
520 2007 580 2056 tum
608 2002 719 2055 domurn
747 2016 943 2067 reverteretur,

125 2078 199 2151 qudi
229 2076 285 2162 jam
320 2075 457 2131 nonnullae
483 2074 585 2142 inlulae,
620 2093 731 2148 propter
763 2074 942 2132 acerbitatem

125 2151 245 2227 imperit,
268 2152 436 2220 defeceram,
460 2151 529 2208 bend
540 2169 670 2206 aminnias
683 2149 859 2220 confirmavit,
874 2151 947 2207 alic·

124 2246 198 2287 natat
221 2230 256 2284 ad
276 2226 394 2283 officiunt
415 2225 507 2283 redire
521 2226 620 2303 coegit.
662 2226 786 2301 Scyrum,
809 2247 893 2300 quain
908 2247 942 2282 eo

125 2322 249 2380 tempore
273 2302 394 2379 Dolopes
420 2301 581 2370 incolebant,
604 2305 679 2376 quod
706 2302 889 2360 contumacius
913 2300 942 2361 se

61 2406 65 2412 ·
113 2381 249 2459 ‘gefferan
272 2378 444 2448 vacuefecit,
466 2377 574 2438 sessores
597 2398 701 2436 veteres
716 2382 782 2435 urbe
799 2376 943 2453 insulaque

127 2460 208 2535 eJecit
220 2487 229 2530 3
244 2477 322 2534 agros
335 2455 440 2515 civibus
452 2456 549 2513 divisit.
579 2455 695 2513 Thallos
708 2455 849 2529 opulentid
860 2457 944 2512 fretos

125 2532 173 2593 suo
186 2538 305 2592 adventu
319 2533 409 2610 fregit.
445 2530 497 2590 Hir
509 2553 543 2590 cx
554 2531 686 2589 manubiis
700 2533 869 2589 Athenarum
881 2551 950 2604 arx,

126 2613 182 2687 qud
196 2614 230 2668 ad
245 2609 389 2667 meritliern
404 2610 502 2686 vergit,
514 2608 552 2666 est
565 2626 669 2667 ornata.

166 2688 240 2744 Car.
262 2687 310 2756 lll,
351 2685 460 2759 Qibus
487 2685 567 2742 rebus
592 2692 655 2742 cunr
683 2705 753 2744 unus
777 2684 803 2740 in
829 2682 941 2742 civitate

125 2763 373 2829 martinelloreret,
395 2760 490 2819 incidit
510 2761 536 2817 in
558 2764 674 2818 eandem
695 2759 836 2831 invidiam,
858 2780 942 2833 quant

126 2858 204 2916 pater
219 2840 290 2909 luus,
304 2838 450 2913 ceterique
464 2837 666 2897 Athenienstutn
681 2838 825 2913 principes.
868 2835 942 2895 Nam

115 2917 256 2979 testatum
281 2914 426 2990 suffragiis,
447 2918 521 2990 quod
537 2914 577 2971 illi
592 2926 736 2992 &septennali
746 2915 944 2989 (ollrtrct'smum)

66 3032 72 3039 ·
126 3013 233 3062 vocant,
257 2996 353 3052 decern
375 2999 507 3049 annorum
522 2991 605 3048 exilio
618 2990 748 3047 multatus
766 2990 813 3045 eliz
854 2990 944 3064 Cujus

125 3069 189 3126 fatti
223 3070 339 3129 celerius
372 3066 560 3138 Athenienses,
599 3072 682 3143 quam
717 3066 815 3141 iplu'tn,
856 3065 944 3139 poeni-

126 3147 189 3203 tuit.
231 3145 302 3203 Nam
332 3152 394 3202 estur
421 3144 557 3201 illefotti
584 3147 674 3200 anitno
706 3140 828 3215 invidiae⁸
851 3141 944 3217 ingrass

129 3240 219 3281 torutn
250 3222 353 3283 civium
393 3219 509 3292 celliffet,
551 3219 710 3296 bellumque
743 3219 943 3290 lacedemonii

741 3293 946 3355 Athenienlibuc
972 3312 987 3356 ·,
