2016 3682
295 276 333 345 s.
366 276 413 383 ³P.
453 269 729 359 Africum,
839 288 907 365 147

42 492 45 499 .
92 431 242 495 eeeusenit.
281 433 311 490 ln
334 431 437 509 joede
463 427 511 488 sua
539 450 570 491 re
595 450 736 508 nunquam
755 430 808 502 sit;
835 431 914 510 judi-

42 532 70 583 t·
92 508 420 575 einmnullumltebuit.-
453 508 610 567 Multorum
634 509 786 568 Consulum
811 509 912 566 Praeto·

42 586 45 657 i
93 610 215 667 rumque
240 587 415 664 praeieslutas
442 589 547 645 delatas
571 585 606 643 stc
626 587 742 663 accepit,
771 607 801 644 ut
830 590 916 645 nerni-

93 689 159 730 nem
175 667 203 726 iu
226 664 394 743 provineium
417 663 448 722 iit
470 663 604 734 securum
626 666 729 722 honore
753 663 836 723 fuerit
851 684 918 722 con·

42 768 47 823 3·
93 763 195 814 tentus,
216 743 256 802 rei
282 741 425 801 familiaris
450 741 608 833 dequgrit
630 745 774 814 studium
808 741 856 817 qui
881 754 922 800 ne·

92 844 156 888 cum
185 823 228 896 Q
248 821 366 898 quidem
392 820 530 878 Cicerone
551 819 671 878 voluerit
696 821 736 880 ire
761 821 787 876 in
816 819 914 887 Asiam,

92 909 156 959 cum
181 904 258 975 epod
282 916 345 956 eum
370 895 452 978 legati
479 896 568 954 locum
589 899 714 955 obtinere
735 896 840 974 possem
863 917 917 955 non

92 979 169 1036 enirn
184 979 284 1034 decere
306 973 336 1031 se
358 977 551 1045 arbitrabatur,
571 982 633 1034 cun
656 976 802 1032 Praeturum
818 995 916 1052 gerere

48 1072 51 1079 ·
92 1053 230 1123 noluisset,
259 1052 382 1128 asseclam
407 1046 459 1110 esse
486 1052 630 1112 Praetoris:
661 1074 715 1130 qua
741 1053 768 1110 in
804 1073 832 1110 rc
861 1074 913 1111 non

52 1188 55 1193 ,
87 1131 184 1189 solum
205 1130 334 1207 dignitati
358 1128 502 1196 serviebat,
523 1128 570 1186 sed
595 1132 677 1195 etiarn
704 1130 924 1207 tranquillitati„

90 1218 157 1267 cum
183 1206 351 1284 suspiciones
388 1228 499 1284 quoque
530 1207 627 1265 vitaret
654 1207 822 1268 criminum:
858 1208 915 1282 quo

91 1287 186 1357 liebnt,
223 1305 254 1344 ut
281 1287 340 1359 ejus
372 1282 544 1343 observantia
572 1286 699 1342 omnibns
724 1285 787 1343 clszt
816 1286 915 1356 carior,

90 1371 158 1442 curn
180 1383 242 1423 eam
274 1362 373 1437 officio,
409 1383 462 1421 non
499 1362 604 1436 timori,
630 1384 721 1439 neque
747 1361 805 1440 spei
829 1361 916 1422 tribui

114 1442 231 1502 iderent.

88 1449 111 1528 y
133 1521 209 1580 Cur.
224 1519 289 1578 Vll.
312 1517 413 1576 incidit
425 1517 611 1576 Caesaritnum
624 1517 708 1579 civile
722 1517 838 1590 bellum,
851 1523 916 1577 crim

91 1598 209 1658 haberet
232 1616 317 1656 annos
340 1595 452 1655 circiter
473 1592 625 1674 sexaginte.
669 1595 742 1655 Usus
763 1595 801 1655 esi
828 1595 917 1654 aetatie
1003 1640 1006 1645 ·

90 1677 129 1750 (ο)
150 1674 301 1742 vacatione,
325 1693 415 1750 neque
440 1672 495 1750 [se]
514 1677 654 1751 quitquam
677 1674 762 1733 mouit
776 1695 811 1732 ex
835 1673 916 1735 urbe.

92 1753 168 1825 Quae
181 1751 276 1810 amicis
296 1750 351 1810 suis
369 1773 438 1829 opus
459 1752 568 1810 suerunt
591 1756 625 1810 ad
654 1750 813 1829 Pompeium
834 1752 927 1828 proli·¹
967 1772 971 1781 ¹

93 1827 268 1900 ciscentibus,
288 1829 379 1887 omnin
389 1850 425 1887 ex
435 1827 483 1887 sna
497 1846 528 1887 re
547 1829 677 1887 familiari
692 1828 782 1889 dedit.
823 1826 915 1906 ipsum

86 1907 253 1985 ‘Pompeium
281 1908 457 1982 coninndlum
476 1926 528 1964 non
555 1907 681 1980 offenditg
713 1905 820 1965 nullum
840 1904 917 1969 'enim

84 1984 129 2043 ab
137 2005 170 2043 eo
183 1985 301 2042 habebut
312 1986 355 2059 (p)
363 2003 563 2056 ornamentum,
575 2005 607 2044 ut
617 1985 720 2057 caeteri,
729 1984 778 2061 qui
790 2004 841 2061 per
849 2004 915 2043 eum

93 2063 271 2125 bonoresaut
295 2063 409 2129 divitius
433 2080 585 2138 ceperant;
606 2083 723 2138 quorum
749 2062 849 2138 purtim
872 2063 917 2121 in·

91 2138 212 2198 vitissimi
240 2137 326 2198 eastra
358 2136 419 2197 sunt
446 2137 542 2210 secuti,
574 2138 685 2217 partim,
719 2140 824 2200 sumina
850 2161 915 2200 cum

90 2221 153 2296 ejus
174 2214 318 2278 offensione
355 2217 431 2276 domi
466 2217 668 2280 remanserunt:
700 2218 787 2278 Attici
820 2238 915 2279 autem

92 2371 143 2430 but
153 2369 245 2430 either
268 2370 354 2448 spolie
380 2391 449 2450 very
474 2373 557 2445 little,
578 2393 610 2431 ot
634 2368 790 2442 rotardi,
812 2372 839 2431 in
866 2374 916 2433 the

92 2449 208 2519 Coum
239 2450 292 2508 tlte
316 2448 436 2507 Bustness
464 2450 499 2508 ol
517 2449 649 2530 speaking
673 2452 753 2525 there
774 2451 912 2530 belonged

90 2525 203 2602 chiefly.
226 2524 251 2584 is
259 2544 306 2586 not
318 2524 385 2585 solel
407 2573 415 2596 ,
437 2546 465 2586 to
479 2530 528 2587 tlte
542 2531 692 2603 Accusator,

128 2605 166 2680 (o)
177 2601 262 2663 Vacat
271 2610 304 2677 io,
325 2548 449 2676 Leisire,
470 2605 556 2668 Time
569 2607 602 2665 os
611 2606 716 2684 oensrng
737 2607 808 2664 from
829 2627 905 2665 com·
965 2618 967 2623 '

90 2700 155 2740 mon
180 2681 319 2755 Bulineseg
341 2703 356 2740 n
382 2681 546 2764 Discitarge‚
568 2683 726 2761 lmmuniry,
748 2684 914 2761 Exemption

90 2759 162 2818 stom
178 2757 289 2839 serving
302 2760 330 2817 in
345 2762 394 2819 the
421 2761 513 2833 Wtrs,
535 2762 628 2821 which
657 2783 713 2820 wat
730 2781 750 2821 u
774 2761 915 2841 Privilege

89 2835 210 2897 allowed
239 2838 275 2916 by
298 2840 347 2898 the
369 2839 482 2896 Roman·
501 2839 599 2900 Senam
617 2858 645 2899 to
658 2839 736 2900 those
752 2842 817 2899 who
839 2862 917 2902 were

89 2915 177 2974 above
190 2912 251 2992 listy
265 2914 355 2975 Yenre
367 2915 401 2974 os
410 2917 480 2994 Age.

128 2995 170 3068 (p)
189 2994 391 3068 Ornamentum,
413 2993 506 3070 [nere]
526 2995 698 3075 Adventage,
719 3001 783 3057 viz.
798 2996 831 3055 of
849 2995 914 3054 Ho-

78 3071 159 3137 ‘nour
170 3089 202 3130 or
215 3068 307 3132 Prosit.

834 3229 915 3310 quies
