2016 3682
334 244 678 357 AGESILAUUSg
861 272 910 347 93

83 419 206 499 priunum
225 418 263 476 de
281 433 367 495 reguo
386 431 449 470 cunt
463 410 649 487 Leotychide,
669 409 838 487 statriililiu,
861 414 912 471 ba·

85 499 150 559 buit
169 493 381 554 contentionem.
423 490 487 549 Mos
507 488 547 547 est
566 489 639 550 enim
661 492 678 548 tl
699 492 846 565 maioribus
859 490 914 551 La·

86 573 262 636 cedaemoniis
281 570 409 638 traditus,
442 586 474 626 ut
494 569 566 626 duos
586 568 719 628 habereut
740 567 846 647 semper
866 576 912 631 te&

86 643 146 734 ges,
167 652 276 713 nonrine
296 648 384 726 magis
400 653 485 724 quatu
499 646 625 723 imperio,
646 666 681 706 ex
703 649 811 709 duabua
828 649 912 723 lanti-

86 735 135 792 liis
156 731 271 791 Proeliis
285 724 514 804 &.Euryllbenia‚
534 724 593 801 qui,
615 724 702 800 princi
725 746 754 786 es
767 747 801 787 ex
817 734 917 813 progei

84 812 130 872 ule
151 810 298 878 Herculis,
317 808 422 882 Sparte
441 822 521 883 reges
539 804 660 866 suerunt.
701 746 813 865 ilatum
826 826 859 865 ex
873 804 914 863 al·

84 908 145 950 tera
159 889 189 947 in
209 886 327 946 alterius
339 882 451 942 familiae
466 882 557 939 locutu
578 879 636 941 lieri
652 903 705 943 non
721 882 838 944 licebat:
861 884 914 945 ita-

86 990 142 1046 que
157 986 276 1042 uttaquo
289 962 368 1022 suum
382 960 519 1019 retinebat
532 959 668 1023 ordinem.
710 961 832 1021 Ptitnuut
842 962 914 1025 ratio

86 1048 250 1114 habebatur,
279 1040 332 1120 qui
350 1038 486 1097 maximus
505 1057 572 1097 natu
592 1038 655 1103 esset
675 1060 711 1099 ex
731 1040 825 1100 liberis
846 1044 915 1120 ejus,

84 1126 134 1203 qui
148 1144 178 1181 re
200 1143 265 1181 nans
285 1118 431 1181 decessisset
447 1140 454 1178 :
475 1115 513 1174 lin
528 1115 550 1175 is
565 1115 673 1179 virileni
687 1119 781 1183 sexunt
796 1140 849 1179 nou
870 1141 915 1179 te·

91 1145 224 1279 liquillget,
250 1217 309 1256 tutu
328 1195 512 1282 deligebatur,
532 1194 581 1271 qui
602 1200 742 1275 proximus
766 1198 830 1257 esset
851 1216 917 1277 pro·

109 1278 254 1357 inquitate.
294 1277 423 1335 Mortuus
440 1285 501 1334 ‘erat
515 1274 584 1353 Agis
599 1296 657 1347 tex,
677 1279 762 1335 frater
778 1277 914 1354 Agesilai:

87 1300 179 1418 bliaut
211 1354 361 1433 reliquerat
390 1351 603 1432 Leotychidem,
635 1376 719 1433 quern
746 1354 793 1413 ille
819 1375 913 1415 natum

88 1456 141 1495 nou
163 1437 301 1515 agnetam
321 1434 451 1503 eundem,
473 1430 602 1503 moriens,
621 1431 702 1493 suunt
722 1432 774 1492 elle
796 1433 915 1497 diretat'.

87 1513 112 1591 ls
124 1518 161 1575 de
182 1518 287 1572 bonore
308 1510 387 1589 regni
400 1531 464 1568 cum
485 1507 612 1598 Agesilao
628 1511 675 1573 suo
689 1532 788 1589 patruo
802 1508 914 1571 couten-

87 1593 153 1666 dit3
175 1610 267 1668 neque
287 1590 317 1648 id
341 1590 416 1667 quod
439 1586 547 1666 petivit,
568 1588 751 1669 consequutus
772 1592 830 1664 tlh
851 1612 914 1651 nant

85 1670 228 1750 Lysandro
241 1668 418 1746 suffragante,
447 1666 569 1741 bomine,
595 1689 625 1729 ut
638 1668 806 1730 ostendimus
821 1668 914 1750 supra.

83 1748 210 1886 lfactioso,
232 1753 258 1806 ἃ
278 1748 320 1807 bia
340 1747 513 1826 temporibus
533 1764 655 1825 potente,
678 1749 818 1830 Agesilaus
838 1768 915 1821 antc-

95 1846 157 1888 atus
168 1829 215 1889 est.

124 1908 201 1968 Cia.
215 1906 250 1967 ll.
273 1906 341 1979 Hic,
356 1905 433 1966 fimul
448 1918 532 1983 atque
546 1905 655 1985 imperii
672 1906 775 1987 potitus
788 1907 836 1977 est,
850 1928 915 1986 pet·

89 1983 169 2044 suafit
203 1984 433 2055 Lacedaeurouiie,
462 1998 494 2043 ut
517 1986 669 2047 exercituin
692 1990 859 2047 emitterent
886 1986 914 2051 iu

91 2062 192 2132 Aliam,
213 2062 374 2141 bellumque
391 2063 452 2143 regi
471 2064 593 2125 lacerent
605 2071 746 2138 ;‘doceua‚
768 2065 849 2124 satius
862 2066 915 2126 esle

89 2140 118 2199 in
147 2140 217 2212 Afra,
249 2147 330 2218 quarn
356 2145 382 2202 iu
407 2143 518 2221 Europa
543 2145 700 2218 dimicare;
728 2165 847 2221 natuque
873 2145 915 2203 sa·

89 2221 269 2291 munierat,
298 2223 481 2295 Artaxerxem
503 2241 665 2300 comparate
689 2218 808 2293 claffenr,
829 2225 916 2298 petle-

87 2297 211 2375 llresque
223 2299 370 2371 exercitus,
390 2321 460 2378 quoa
473 2296 501 2358 in
514 2300 652 2361 Gtaeciatu
669 2306 799 2361 ntitteret.
842 2298 917 2359 Data

85 2379 233 2453 potestate;
256 2378 483 2438 ranttceleritate
497 2378 559 2438 usus
569 2381 620 2455 est,
636 2400 666 2440 ut
687 2379 762 2461 ptius
777 2374 804 2435 in
820 2376 910 2436 Afiaut

87 2474 152 2519 curn
173 2455 260 2532 copiis
278 2457 443 2533 perveniret,
465 2464 549 2534 quarn
569 2458 641 2537 regii
653 2456 769 2534 satrapae
784 2474 849 2513 eunt
861 2452 914 2512 sci·

87 2549 150 2591 rent
173 2535 325 2610 profestum
336 2565 347 2608 5
368 2538 540 2615 quasillum
561 2537 612 2609 est,
638 2556 668 2596 ur
682 2556 775 2611 ornnes
797 2531 918 2610 imptta'·

91 2629 133 2668 tos
154 2611 397 2750 imprudentesque
416 2614 580 2675 offenderet.
623 2615 652 2674 ld
668 2636 697 2674 ut
711 2612 839 2692 cognovit
851 2610 916 2670 Tis-

89 2686 245 2766 saphernes,
270 2692 320 2769 qui
357 2694 651 2770 unimutuintperiurn
673 2713 732 2763 tuni
754 2696 916 2769 intettprae·

90 2768 176 2846 sebloa
204 2770 324 2830 habebat
348 2771 449 2852 regios,
480 2772 604 2831 inducias
629 2777 645 2830 a
671 2770 781 2831 Lacone
806 2768 916 2847 petivit,

52 2850 57 2859 '
87 2844 223 2920 simulans,
252 2848 280 2908 se
305 2853 373 2908 dare
395 2859 519 2929 operam,
555 2866 585 2909 ut
608 2846 825 2911 Lacedaemoniis
852 2868 915 2905 tutu

84 2944 151 3004 rege
173 2926 354 3000 convenirem
375 2948 405 2988 te
425 2948 517 2988 auteur
540 2932 615 3003 veta,
637 2932 673 2988 ad
695 2925 788 3004 copias
804 2920 915 3003 co'tnpa·

86 3007 209 3076 randas;
231 3003 332 3083 easque
357 3006 515 3083 impetravit
536 3006 695 3068 trimestres.
736 3000 845 3080 juravit
865 3022 916 3061 au·

87 3096 144 3137 tem
165 3101 292 3160 uterque,
318 3082 346 3146 se
365 3085 419 3145 stne
442 3085 509 3161 dolo
530 3082 654 3161 inducias
667 3079 914 3145 conservaturum}

85 3154 115 3214 in
129 3176 183 3236 qua
198 3162 334 3239 pactione,
347 3159 455 3225 sumata
468 3154 523 3226 fi'de
537 3157 632 3227 manlii
646 3159 795 3247 Agesilaus.
836 3161 912 3223 Con·

497 3270 500 3281 ’
874 3252 917 3301 lla
